symbol,name,ticktime,price,volume,prev_price,kind
sh600887,伊利股份,09:25:00,27.45,278300,0.0,U
sh600887,伊利股份,09:30:00,27.47,59400,27.45,U
sh600887,伊利股份,09:30:03,27.45,39000,27.47,U
sh600887,伊利股份,09:30:06,27.42,49700,27.45,D
sh600887,伊利股份,09:30:09,27.43,89900,27.42,U
sh600887,伊利股份,09:30:12,27.46,50100,27.43,E
sh600887,伊利股份,09:30:15,27.45,33200,27.46,D
sh600887,伊利股份,09:30:18,27.43,69100,27.45,D
sh600887,伊利股份,09:30:21,27.5,30600,27.43,U
sh600887,伊利股份,09:30:24,27.47,49600,27.5,D
sh600887,伊利股份,09:30:27,27.5,28000,27.47,U
sh600887,伊利股份,09:30:30,27.5,39100,27.5,D
sh600887,伊利股份,09:30:33,27.51,67600,27.5,U
sh600887,伊利股份,09:30:36,27.51,39800,27.51,D
sh600887,伊利股份,09:30:39,27.51,61400,27.51,U
sh600887,伊利股份,09:30:42,27.51,51000,27.51,D
sh600887,伊利股份,09:30:45,27.51,7900,27.51,D
sh600887,伊利股份,09:30:48,27.54,28800,27.51,U
sh600887,伊利股份,09:30:51,27.52,16800,27.54,D
sh600887,伊利股份,09:30:54,27.56,27300,27.52,U
sh600887,伊利股份,09:30:57,27.56,32900,27.56,D
sh600887,伊利股份,09:31:00,27.53,58400,27.56,D
sh600887,伊利股份,09:31:03,27.56,10400,27.53,E
sh600887,伊利股份,09:31:06,27.59,30762,27.56,U
sh600887,伊利股份,09:31:12,27.58,23700,27.59,D
sh600887,伊利股份,09:31:15,27.59,15200,27.58,U
sh600887,伊利股份,09:31:18,27.6,45362,27.59,U
sh600887,伊利股份,09:31:21,27.63,35800,27.6,U
sh600887,伊利股份,09:31:24,27.63,20100,27.63,U
sh600887,伊利股份,09:31:27,27.62,26900,27.63,D
sh600887,伊利股份,09:31:30,27.62,25900,27.62,D
sh600887,伊利股份,09:31:33,27.62,11200,27.62,U
sh600887,伊利股份,09:31:36,27.6,35000,27.62,D
sh600887,伊利股份,09:31:39,27.6,21500,27.6,D
sh600887,伊利股份,09:31:51,27.59,18500,27.59,D
sh600887,伊利股份,09:31:54,27.59,14200,27.59,D
sh600887,伊利股份,09:31:57,27.59,28000,27.59,U
sh600887,伊利股份,09:32:00,27.59,14300,27.59,U
sh600887,伊利股份,09:32:03,27.62,88300,27.59,U
sh600887,伊利股份,09:32:06,27.65,41100,27.62,U
sh600887,伊利股份,09:32:09,27.62,25400,27.65,D
sh600887,伊利股份,09:32:12,27.65,24800,27.62,U
sh600887,伊利股份,09:32:15,27.66,11400,27.65,U
sh600887,伊利股份,09:32:21,27.65,22200,27.66,D
sh600887,伊利股份,09:32:24,27.69,235300,27.65,U
sh600887,伊利股份,09:32:27,27.7,18600,27.69,U
sh600887,伊利股份,09:32:30,27.7,63000,27.7,U
sh600887,伊利股份,09:32:33,27.72,40900,27.7,E
sh600887,伊利股份,09:32:36,27.75,85100,27.72,U
sh600887,伊利股份,09:32:39,27.76,23400,27.75,U
sh600887,伊利股份,09:32:42,27.76,27400,27.76,D
sh600887,伊利股份,09:32:45,27.76,14200,27.76,U
sh600887,伊利股份,09:32:48,27.75,37900,27.76,D
sh600887,伊利股份,09:32:51,27.76,208600,27.75,U
sh600887,伊利股份,09:32:54,27.75,17300,27.76,D
sh600887,伊利股份,09:32:57,27.75,20200,27.75,U
sh600887,伊利股份,09:33:00,27.75,12900,27.75,U
sh600887,伊利股份,09:33:03,27.75,16600,27.75,U
sh600887,伊利股份,09:33:06,27.73,66600,27.75,D
sh600887,伊利股份,09:33:09,27.73,26700,27.73,D
sh600887,伊利股份,09:33:12,27.71,10100,27.73,E
sh600887,伊利股份,09:33:15,27.71,11100,27.71,U
sh600887,伊利股份,09:33:18,27.71,34400,27.71,D
sh600887,伊利股份,09:33:21,27.71,19300,27.71,U
sh600887,伊利股份,09:33:27,27.7,11000,27.7,D
sh600887,伊利股份,09:33:30,27.7,9000,27.7,U
sh600887,伊利股份,09:33:33,27.69,41700,27.7,D
sh600887,伊利股份,09:33:39,27.67,10900,27.69,D
sh600887,伊利股份,09:33:42,27.68,11800,27.67,U
sh600887,伊利股份,09:33:45,27.67,10600,27.68,D
sh600887,伊利股份,09:33:48,27.68,34400,27.67,U
sh600887,伊利股份,09:33:51,27.67,65200,27.68,D
sh600887,伊利股份,09:33:54,27.66,29600,27.67,D
sh600887,伊利股份,09:34:00,27.66,10400,27.66,U
sh600887,伊利股份,09:34:03,27.68,50400,27.66,U
sh600887,伊利股份,09:34:06,27.67,11400,27.68,E
sh600887,伊利股份,09:34:09,27.67,8600,27.67,D
sh600887,伊利股份,09:34:12,27.64,16600,27.67,D
sh600887,伊利股份,09:34:15,27.64,49100,27.64,D
sh600887,伊利股份,09:34:21,27.65,11600,27.62,U
sh600887,伊利股份,09:34:27,27.64,10400,27.62,U
sh600887,伊利股份,09:34:33,27.63,20000,27.63,E
sh600887,伊利股份,09:34:39,27.62,19400,27.61,U
sh600887,伊利股份,09:35:00,27.58,32500,27.6,D
sh600887,伊利股份,09:35:03,27.58,25300,27.58,D
sh600887,伊利股份,09:35:06,27.58,9348,27.58,D
sh600887,伊利股份,09:35:15,27.57,7500,27.57,D
sh600887,伊利股份,09:35:18,27.56,20700,27.57,D
sh600887,伊利股份,09:35:21,27.59,22100,27.56,U
sh600887,伊利股份,09:35:24,27.57,27300,27.59,E
sh600887,伊利股份,09:35:33,27.57,15100,27.58,D
sh600887,伊利股份,09:35:36,27.56,8000,27.57,D
sh600887,伊利股份,09:35:39,27.57,8200,27.56,U
sh600887,伊利股份,09:35:45,27.57,8900,27.57,D
sh600887,伊利股份,09:36:03,27.54,44300,27.57,D
sh600887,伊利股份,09:36:06,27.56,13200,27.54,U
sh600887,伊利股份,09:36:12,27.54,18900,27.54,D
sh600887,伊利股份,09:36:15,27.55,10800,27.54,E
sh600887,伊利股份,09:36:18,27.55,12800,27.55,D
sh600887,伊利股份,09:36:21,27.56,10500,27.55,D
sh600887,伊利股份,09:36:27,27.56,11200,27.58,D
sh600887,伊利股份,09:36:30,27.57,9600,27.56,U
sh600887,伊利股份,09:36:48,27.56,11800,27.57,D
sh600887,伊利股份,09:37:03,27.57,9300,27.57,D
sh600887,伊利股份,09:37:06,27.57,10000,27.57,U
sh600887,伊利股份,09:37:09,27.57,15800,27.57,U
sh600887,伊利股份,09:37:12,27.58,27700,27.57,U
sh600887,伊利股份,09:37:15,27.57,17200,27.58,D
sh600887,伊利股份,09:37:21,27.57,16800,27.57,U
sh600887,伊利股份,09:37:24,27.56,11800,27.57,D
sh600887,伊利股份,09:37:33,27.57,7500,27.57,D
sh600887,伊利股份,09:37:39,27.59,26300,27.57,U
sh600887,伊利股份,09:37:42,27.59,18700,27.59,U
sh600887,伊利股份,09:37:45,27.6,10100,27.59,U
sh600887,伊利股份,09:37:48,27.6,29200,27.6,U
sh600887,伊利股份,09:37:54,27.6,9600,27.6,U
sh600887,伊利股份,09:38:03,27.6,8900,27.61,D
sh600887,伊利股份,09:38:15,27.6,10200,27.59,U
sh600887,伊利股份,09:38:21,27.59,9300,27.6,D
sh600887,伊利股份,09:38:24,27.6,22400,27.59,U
sh600887,伊利股份,09:38:27,27.59,10100,27.6,D
sh600887,伊利股份,09:38:30,27.61,107200,27.59,U
sh600887,伊利股份,09:38:51,27.6,37900,27.6,D
sh600887,伊利股份,09:38:57,27.61,9500,27.6,U
sh600887,伊利股份,09:39:09,27.59,8500,27.59,D
sh600887,伊利股份,09:39:15,27.61,16100,27.6,U
sh600887,伊利股份,09:39:18,27.62,14900,27.61,U
sh600887,伊利股份,09:39:27,27.64,29600,27.65,E
sh600887,伊利股份,09:39:36,27.64,19700,27.62,U
sh600887,伊利股份,09:39:51,27.63,9400,27.61,U
sh600887,伊利股份,09:39:57,27.64,27200,27.63,U
sh600887,伊利股份,09:40:03,27.64,10800,27.64,D
sh600887,伊利股份,09:40:09,27.64,8800,27.64,U
sh600887,伊利股份,09:40:15,27.63,14700,27.63,D
sh600887,伊利股份,09:40:24,27.62,70200,27.63,D
sh600887,伊利股份,09:40:27,27.61,10700,27.62,D
sh600887,伊利股份,09:40:36,27.61,12500,27.61,D
sh600887,伊利股份,09:40:42,27.62,22200,27.6,U
sh600887,伊利股份,09:40:45,27.59,52600,27.62,D
sh600887,伊利股份,09:41:06,27.62,33600,27.61,U
sh600887,伊利股份,09:41:09,27.64,25100,27.62,U
sh600887,伊利股份,09:41:15,27.65,28100,27.64,U
sh600887,伊利股份,09:41:18,27.65,17200,27.65,U
sh600887,伊利股份,09:41:21,27.65,17600,27.65,D
sh600887,伊利股份,09:41:30,27.66,8100,27.66,U
sh600887,伊利股份,09:41:33,27.66,9400,27.66,U
sh600887,伊利股份,09:41:39,27.65,14600,27.66,D
sh600887,伊利股份,09:41:45,27.65,12400,27.66,D
sh600887,伊利股份,09:41:51,27.63,8800,27.65,D
sh600887,伊利股份,09:42:09,27.64,7300,27.63,U
sh600887,伊利股份,09:42:15,27.65,9400,27.64,U
sh600887,伊利股份,09:42:33,27.66,12500,27.66,U
sh600887,伊利股份,09:42:36,27.67,11500,27.66,U
sh600887,伊利股份,09:42:51,27.65,9400,27.66,D
sh600887,伊利股份,09:42:57,27.66,9500,27.66,U
sh600887,伊利股份,09:43:06,27.67,10300,27.66,U
sh600887,伊利股份,09:43:15,27.64,31100,27.66,D
sh600887,伊利股份,09:43:21,27.63,9700,27.64,D
sh600887,伊利股份,09:43:24,27.64,32900,27.63,U
sh600887,伊利股份,09:43:39,27.63,8700,27.62,U
sh600887,伊利股份,09:43:42,27.6,10200,27.63,D
sh600887,伊利股份,09:43:48,27.6,23000,27.61,D
sh600887,伊利股份,09:43:54,27.58,12200,27.6,D
sh600887,伊利股份,09:44:03,27.59,14600,27.58,U
sh600887,伊利股份,09:44:12,27.59,10000,27.59,D
sh600887,伊利股份,09:44:15,27.6,52800,27.59,U
sh600887,伊利股份,09:44:18,27.59,8900,27.6,D
sh600887,伊利股份,09:44:27,27.62,8700,27.61,U
sh600887,伊利股份,09:44:36,27.63,9600,27.63,U
sh600887,伊利股份,09:45:12,27.61,7400,27.62,D
sh600887,伊利股份,09:45:24,27.63,7800,27.62,U
sh600887,伊利股份,09:45:39,27.61,17500,27.62,D
sh600887,伊利股份,09:45:48,27.63,8600,27.63,D
sh600887,伊利股份,09:45:54,27.63,7900,27.63,D
sh600887,伊利股份,09:46:00,27.63,8300,27.63,D
sh600887,伊利股份,09:46:03,27.63,15000,27.63,U
sh600887,伊利股份,09:46:09,27.62,10700,27.63,D
sh600887,伊利股份,09:46:18,27.63,8500,27.63,U
sh600887,伊利股份,09:46:24,27.63,12900,27.61,U
sh600887,伊利股份,09:46:27,27.65,22100,27.63,U
sh600887,伊利股份,09:46:39,27.64,19003,27.65,D
sh600887,伊利股份,09:46:45,27.65,10300,27.62,U
sh600887,伊利股份,09:46:57,27.63,14200,27.64,D
sh600887,伊利股份,09:47:03,27.64,9000,27.63,U
sh600887,伊利股份,09:47:06,27.66,15800,27.64,U
sh600887,伊利股份,09:47:09,27.65,13500,27.66,D
sh600887,伊利股份,09:47:12,27.66,16600,27.65,U
sh600887,伊利股份,09:47:15,27.66,14400,27.66,E
sh600887,伊利股份,09:47:21,27.68,31700,27.67,U
sh600887,伊利股份,09:47:30,27.66,16800,27.67,D
sh600887,伊利股份,09:47:39,27.67,14600,27.66,U
sh600887,伊利股份,09:47:42,27.66,9800,27.67,E
sh600887,伊利股份,09:47:51,27.65,27700,27.66,D
sh600887,伊利股份,09:48:00,27.64,8200,27.64,U
sh600887,伊利股份,09:48:06,27.63,8500,27.66,D
sh600887,伊利股份,09:48:18,27.63,8100,27.63,D
sh600887,伊利股份,09:48:24,27.62,13600,27.63,D
sh600887,伊利股份,09:48:27,27.61,27297,27.62,D
sh600887,伊利股份,09:48:33,27.59,73200,27.61,D
sh600887,伊利股份,09:48:36,27.58,9500,27.59,D
sh600887,伊利股份,09:48:39,27.58,12500,27.58,D
sh600887,伊利股份,09:48:45,27.58,8100,27.59,D
sh600887,伊利股份,09:48:51,27.58,7800,27.58,D
sh600887,伊利股份,09:49:00,27.57,26300,27.57,D
sh600887,伊利股份,09:49:12,27.55,17900,27.56,D
sh600887,伊利股份,09:49:15,27.56,16400,27.55,U
sh600887,伊利股份,09:49:21,27.55,47100,27.55,D
sh600887,伊利股份,09:49:30,27.54,8700,27.54,D
sh600887,伊利股份,09:49:36,27.54,7700,27.54,D
sh600887,伊利股份,09:49:39,27.54,14900,27.54,D
sh600887,伊利股份,09:49:42,27.55,7700,27.54,U
sh600887,伊利股份,09:49:48,27.53,9800,27.53,D
sh600887,伊利股份,09:49:57,27.53,7500,27.53,D
sh600887,伊利股份,09:50:00,27.53,13600,27.53,D
sh600887,伊利股份,09:50:03,27.54,10100,27.53,U
sh600887,伊利股份,09:50:06,27.53,12600,27.54,D
sh600887,伊利股份,09:50:15,27.56,34600,27.52,U
sh600887,伊利股份,09:50:18,27.53,41300,27.56,D
sh600887,伊利股份,09:50:27,27.56,25600,27.57,D
sh600887,伊利股份,09:50:33,27.57,12400,27.56,U
sh600887,伊利股份,09:50:57,27.54,27500,27.55,D
sh600887,伊利股份,09:51:00,27.54,9500,27.54,U
sh600887,伊利股份,09:51:09,27.54,21400,27.54,U
sh600887,伊利股份,09:51:30,27.53,21600,27.54,D
sh600887,伊利股份,09:51:39,27.53,20400,27.53,D
sh600887,伊利股份,09:51:45,27.53,8100,27.53,D
sh600887,伊利股份,09:51:54,27.52,8600,27.52,D
sh600887,伊利股份,09:52:00,27.52,17700,27.52,D
sh600887,伊利股份,09:52:03,27.51,37300,27.52,D
sh600887,伊利股份,09:52:06,27.51,28500,27.51,D
sh600887,伊利股份,09:52:09,27.52,12800,27.51,U
sh600887,伊利股份,09:52:12,27.52,62300,27.52,U
sh600887,伊利股份,09:52:21,27.51,8600,27.5,U
sh600887,伊利股份,09:52:24,27.51,17100,27.51,D
sh600887,伊利股份,09:52:27,27.51,10500,27.51,U
sh600887,伊利股份,09:52:30,27.51,27700,27.51,D
sh600887,伊利股份,09:52:33,27.51,8500,27.51,U
sh600887,伊利股份,09:52:36,27.51,11900,27.51,U
sh600887,伊利股份,09:52:45,27.51,33600,27.51,U
sh600887,伊利股份,09:52:48,27.5,38000,27.51,D
sh600887,伊利股份,09:52:54,27.5,36800,27.51,D
sh600887,伊利股份,09:52:57,27.5,39600,27.5,D
sh600887,伊利股份,09:53:00,27.5,18800,27.5,D
sh600887,伊利股份,09:53:03,27.49,19600,27.5,D
sh600887,伊利股份,09:53:06,27.49,16100,27.49,D
sh600887,伊利股份,09:53:09,27.49,7300,27.49,U
sh600887,伊利股份,09:53:12,27.48,10700,27.49,D
sh600887,伊利股份,09:53:15,27.48,13900,27.48,D
sh600887,伊利股份,09:53:21,27.49,15000,27.49,D
sh600887,伊利股份,09:53:27,27.48,10500,27.48,D
sh600887,伊利股份,09:53:42,27.47,8300,27.47,D
sh600887,伊利股份,09:53:45,27.47,14600,27.47,D
sh600887,伊利股份,09:53:48,27.47,11400,27.47,U
sh600887,伊利股份,09:53:51,27.47,9400,27.47,D
sh600887,伊利股份,09:54:03,27.47,12500,27.46,U
sh600887,伊利股份,09:54:06,27.46,13700,27.47,D
sh600887,伊利股份,09:54:09,27.48,19100,27.46,U
sh600887,伊利股份,09:54:12,27.5,33700,27.48,U
sh600887,伊利股份,09:54:15,27.49,13300,27.5,D
sh600887,伊利股份,09:54:18,27.49,7500,27.49,D
sh600887,伊利股份,09:54:21,27.5,17800,27.49,U
sh600887,伊利股份,09:54:36,27.5,8100,27.5,U
sh600887,伊利股份,09:54:39,27.49,20900,27.5,D
sh600887,伊利股份,09:54:45,27.5,18000,27.49,U
sh600887,伊利股份,09:54:57,27.49,20700,27.5,D
sh600887,伊利股份,09:55:03,27.49,10500,27.48,U
sh600887,伊利股份,09:55:06,27.47,10900,27.49,D
sh600887,伊利股份,09:55:09,27.48,25700,27.47,U
sh600887,伊利股份,09:55:39,27.45,23800,27.46,D
sh600887,伊利股份,09:55:42,27.46,11100,27.45,U
sh600887,伊利股份,09:55:45,27.45,17700,27.46,D
sh600887,伊利股份,09:56:06,27.46,13700,27.45,U
sh600887,伊利股份,09:56:09,27.46,8200,27.46,U
sh600887,伊利股份,09:56:12,27.46,31200,27.46,U
sh600887,伊利股份,09:56:15,27.46,14100,27.46,U
sh600887,伊利股份,09:56:21,27.47,24800,27.47,U
sh600887,伊利股份,09:56:24,27.47,12300,27.47,U
sh600887,伊利股份,09:56:30,27.47,11500,27.47,E
sh600887,伊利股份,09:56:42,27.47,10300,27.47,D
sh600887,伊利股份,09:56:48,27.46,39300,27.46,D
sh600887,伊利股份,09:57:00,27.43,127500,27.46,D
sh600887,伊利股份,09:57:03,27.43,22400,27.43,D
sh600887,伊利股份,09:57:09,27.43,26900,27.43,U
sh600887,伊利股份,09:57:15,27.42,8800,27.43,D
sh600887,伊利股份,09:57:18,27.43,9900,27.42,U
sh600887,伊利股份,09:57:33,27.43,22300,27.43,U
sh600887,伊利股份,09:57:36,27.42,17400,27.43,D
sh600887,伊利股份,09:57:42,27.43,24700,27.43,D
sh600887,伊利股份,09:57:45,27.43,9300,27.43,D
sh600887,伊利股份,09:58:06,27.43,7600,27.43,D
sh600887,伊利股份,09:58:18,27.43,20900,27.43,U
sh600887,伊利股份,09:58:21,27.42,10500,27.43,D
sh600887,伊利股份,09:58:30,27.43,14800,27.43,U
sh600887,伊利股份,09:58:33,27.42,22800,27.43,D
sh600887,伊利股份,09:58:36,27.42,23900,27.42,D
sh600887,伊利股份,09:58:39,27.43,9400,27.42,U
sh600887,伊利股份,09:58:42,27.43,7800,27.43,U
sh600887,伊利股份,09:58:54,27.44,25800,27.43,U
sh600887,伊利股份,09:59:00,27.43,8000,27.43,D
sh600887,伊利股份,09:59:03,27.42,7500,27.43,D
sh600887,伊利股份,09:59:18,27.43,7700,27.42,U
sh600887,伊利股份,09:59:27,27.44,7400,27.43,U
sh600887,伊利股份,09:59:30,27.43,10100,27.44,D
sh600887,伊利股份,09:59:36,27.43,28900,27.43,D
sh600887,伊利股份,09:59:39,27.43,23900,27.43,D
sh600887,伊利股份,09:59:54,27.43,9200,27.43,D
sh600887,伊利股份,10:00:03,27.45,7400,27.43,U
sh600887,伊利股份,10:00:15,27.45,32100,27.44,U
sh600887,伊利股份,10:00:21,27.45,12300,27.46,D
sh600887,伊利股份,10:00:57,27.46,9900,27.46,U
sh600887,伊利股份,10:01:00,27.45,14500,27.46,D
sh600887,伊利股份,10:01:03,27.46,13500,27.45,U
sh600887,伊利股份,10:01:06,27.46,12800,27.46,D
sh600887,伊利股份,10:01:09,27.46,9600,27.46,D
sh600887,伊利股份,10:01:18,27.48,10600,27.47,U
sh600887,伊利股份,10:01:27,27.49,7800,27.48,U
sh600887,伊利股份,10:01:39,27.5,26800,27.5,U
sh600887,伊利股份,10:01:42,27.49,7800,27.5,D
sh600887,伊利股份,10:01:48,27.5,11100,27.5,U
sh600887,伊利股份,10:01:57,27.51,8200,27.5,U
sh600887,伊利股份,10:02:06,27.49,28000,27.5,D
sh600887,伊利股份,10:02:09,27.49,19600,27.49,D
sh600887,伊利股份,10:02:45,27.49,7800,27.49,U
sh600887,伊利股份,10:03:00,27.48,11000,27.49,D
sh600887,伊利股份,10:03:03,27.49,8200,27.48,U
sh600887,伊利股份,10:03:06,27.48,9600,27.49,D
sh600887,伊利股份,10:03:09,27.47,14600,27.48,D
sh600887,伊利股份,10:03:42,27.47,8100,27.48,D
sh600887,伊利股份,10:03:45,27.47,49200,27.47,D
sh600887,伊利股份,10:03:48,27.47,28300,27.47,D
sh600887,伊利股份,10:03:51,27.47,18300,27.47,U
sh600887,伊利股份,10:04:00,27.47,8400,27.47,D
sh600887,伊利股份,10:04:06,27.47,17700,27.47,D
sh600887,伊利股份,10:04:21,27.47,9000,27.47,D
sh600887,伊利股份,10:04:33,27.46,25800,27.47,D
sh600887,伊利股份,10:04:39,27.46,19500,27.46,U
sh600887,伊利股份,10:04:54,27.47,16800,27.47,U
sh600887,伊利股份,10:04:57,27.47,9500,27.47,U
sh600887,伊利股份,10:05:09,27.48,8700,27.46,U
sh600887,伊利股份,10:05:12,27.5,64400,27.48,U
sh600887,伊利股份,10:05:21,27.49,23000,27.49,D
sh600887,伊利股份,10:05:42,27.49,10400,27.5,E
sh600887,伊利股份,10:05:51,27.48,7400,27.5,D
sh600887,伊利股份,10:05:57,27.5,9600,27.5,U
sh600887,伊利股份,10:06:03,27.5,11400,27.49,U
sh600887,伊利股份,10:06:06,27.52,31000,27.5,U
sh600887,伊利股份,10:06:12,27.5,13400,27.5,D
sh600887,伊利股份,10:06:15,27.52,10000,27.5,U
sh600887,伊利股份,10:06:21,27.52,28000,27.52,U
sh600887,伊利股份,10:06:27,27.51,11800,27.52,D
sh600887,伊利股份,10:06:33,27.52,9300,27.52,U
sh600887,伊利股份,10:06:42,27.52,11112,27.52,D
sh600887,伊利股份,10:06:48,27.53,19500,27.52,U
sh600887,伊利股份,10:06:51,27.53,11000,27.53,U
sh600887,伊利股份,10:07:12,27.53,13000,27.52,U
sh600887,伊利股份,10:07:15,27.53,12300,27.53,U
sh600887,伊利股份,10:07:18,27.53,11100,27.53,U
sh600887,伊利股份,10:07:21,27.53,17800,27.53,D
sh600887,伊利股份,10:07:27,27.52,17100,27.53,D
sh600887,伊利股份,10:07:33,27.52,14300,27.52,D
sh600887,伊利股份,10:07:39,27.53,7400,27.53,D
sh600887,伊利股份,10:07:48,27.53,8600,27.52,U
sh600887,伊利股份,10:07:54,27.53,7300,27.53,U
sh600887,伊利股份,10:08:03,27.55,20100,27.53,U
sh600887,伊利股份,10:08:21,27.54,22800,27.53,U
sh600887,伊利股份,10:08:24,27.54,50700,27.54,U
sh600887,伊利股份,10:08:54,27.55,7900,27.55,D
sh600887,伊利股份,10:09:12,27.53,15200,27.54,D
sh600887,伊利股份,10:09:33,27.52,20500,27.52,D
sh600887,伊利股份,10:09:39,27.53,32800,27.53,U
sh600887,伊利股份,10:09:42,27.52,15400,27.53,D
sh600887,伊利股份,10:09:45,27.53,18100,27.52,U
sh600887,伊利股份,10:09:48,27.53,17200,27.53,U
sh600887,伊利股份,10:09:51,27.54,11300,27.53,U
sh600887,伊利股份,10:09:54,27.54,9400,27.54,U
sh600887,伊利股份,10:10:21,27.54,12200,27.54,D
sh600887,伊利股份,10:10:39,27.53,9700,27.53,D
sh600887,伊利股份,10:10:57,27.53,25500,27.53,U
sh600887,伊利股份,10:11:21,27.53,7300,27.53,D
sh600887,伊利股份,10:11:51,27.52,7500,27.53,D
sh600887,伊利股份,10:12:00,27.51,8900,27.51,D
sh600887,伊利股份,10:12:15,27.53,49900,27.51,U
sh600887,伊利股份,10:12:21,27.52,21700,27.53,D
sh600887,伊利股份,10:12:24,27.55,116500,27.52,U
sh600887,伊利股份,10:12:27,27.55,8500,27.55,D
sh600887,伊利股份,10:12:30,27.55,12000,27.55,D
sh600887,伊利股份,10:13:45,27.53,7700,27.54,D
sh600887,伊利股份,10:14:06,27.52,16800,27.52,D
sh600887,伊利股份,10:14:18,27.51,10100,27.52,D
sh600887,伊利股份,10:14:39,27.51,8600,27.52,D
sh600887,伊利股份,10:14:48,27.51,7600,27.52,D
sh600887,伊利股份,10:15:03,27.52,12700,27.52,D
sh600887,伊利股份,10:15:06,27.53,8800,27.52,U
sh600887,伊利股份,10:15:30,27.53,10300,27.53,U
sh600887,伊利股份,10:15:33,27.54,19100,27.53,U
sh600887,伊利股份,10:15:39,27.54,8700,27.53,U
sh600887,伊利股份,10:16:03,27.54,10800,27.54,U
sh600887,伊利股份,10:16:36,27.52,45700,27.54,D
sh600887,伊利股份,10:16:42,27.52,10500,27.52,U
sh600887,伊利股份,10:16:51,27.51,12000,27.53,D
sh600887,伊利股份,10:17:06,27.52,9000,27.52,D
sh600887,伊利股份,10:17:15,27.51,9300,27.52,D
sh600887,伊利股份,10:17:21,27.51,12100,27.51,U
sh600887,伊利股份,10:17:24,27.53,48000,27.51,U
sh600887,伊利股份,10:17:33,27.53,13600,27.52,U
sh600887,伊利股份,10:17:51,27.52,8500,27.52,D
sh600887,伊利股份,10:18:18,27.51,9800,27.51,D
sh600887,伊利股份,10:18:21,27.51,9300,27.51,D
sh600887,伊利股份,10:18:27,27.5,9800,27.51,D
sh600887,伊利股份,10:18:42,27.5,9900,27.51,D
sh600887,伊利股份,10:18:45,27.49,43000,27.5,D
sh600887,伊利股份,10:18:51,27.49,8500,27.49,D
sh600887,伊利股份,10:19:06,27.49,8800,27.49,D
sh600887,伊利股份,10:19:27,27.5,8300,27.49,U
sh600887,伊利股份,10:20:00,27.48,25300,27.49,D
sh600887,伊利股份,10:20:09,27.48,17800,27.48,D
sh600887,伊利股份,10:20:12,27.48,9600,27.48,D
sh600887,伊利股份,10:20:27,27.49,10900,27.48,U
sh600887,伊利股份,10:20:39,27.47,21200,27.47,D
sh600887,伊利股份,10:21:06,27.45,19400,27.46,D
sh600887,伊利股份,10:21:18,27.46,7300,27.45,U
sh600887,伊利股份,10:21:21,27.46,14800,27.46,U
sh600887,伊利股份,10:21:30,27.47,43600,27.46,U
sh600887,伊利股份,10:21:33,27.48,16500,27.47,U
sh600887,伊利股份,10:22:06,27.47,7400,27.47,D
sh600887,伊利股份,10:22:27,27.46,8800,27.47,D
sh600887,伊利股份,10:22:33,27.46,16100,27.47,D
sh600887,伊利股份,10:22:36,27.47,28300,27.46,U
sh600887,伊利股份,10:23:09,27.46,7300,27.46,D
sh600887,伊利股份,10:23:24,27.45,88100,27.46,D
sh600887,伊利股份,10:23:30,27.44,11700,27.45,D
sh600887,伊利股份,10:23:36,27.45,8000,27.44,U
sh600887,伊利股份,10:23:42,27.46,8600,27.44,U
sh600887,伊利股份,10:23:45,27.45,16600,27.46,E
sh600887,伊利股份,10:23:48,27.44,13400,27.45,D
sh600887,伊利股份,10:24:00,27.46,9400,27.44,U
sh600887,伊利股份,10:24:12,27.44,8100,27.45,D
sh600887,伊利股份,10:24:27,27.44,13600,27.45,D
sh600887,伊利股份,10:24:30,27.45,12800,27.44,U
sh600887,伊利股份,10:25:00,27.46,12900,27.45,U
sh600887,伊利股份,10:25:09,27.45,7300,27.45,D
sh600887,伊利股份,10:25:48,27.45,7500,27.46,D
sh600887,伊利股份,10:26:00,27.46,12400,27.45,U
sh600887,伊利股份,10:26:18,27.45,52800,27.46,D
sh600887,伊利股份,10:27:12,27.44,38500,27.44,U
sh600887,伊利股份,10:27:21,27.44,10000,27.44,U
sh600887,伊利股份,10:27:30,27.45,23900,27.45,U
sh600887,伊利股份,10:27:33,27.45,15200,27.45,U
sh600887,伊利股份,10:27:39,27.45,7700,27.45,U
sh600887,伊利股份,10:27:42,27.45,20600,27.45,U
sh600887,伊利股份,10:28:09,27.45,7900,27.45,U
sh600887,伊利股份,10:28:12,27.45,14400,27.45,U
sh600887,伊利股份,10:28:21,27.45,10600,27.45,U
sh600887,伊利股份,10:28:30,27.45,7500,27.45,D
sh600887,伊利股份,10:28:57,27.44,11300,27.44,D
sh600887,伊利股份,10:29:00,27.44,10000,27.44,D
sh600887,伊利股份,10:29:09,27.43,19100,27.44,D
sh600887,伊利股份,10:29:18,27.44,7400,27.43,U
sh600887,伊利股份,10:29:36,27.43,11000,27.45,D
sh600887,伊利股份,10:29:42,27.44,11900,27.43,U
sh600887,伊利股份,10:29:54,27.43,10900,27.44,D
sh600887,伊利股份,10:30:12,27.44,52000,27.43,U
sh600887,伊利股份,10:30:15,27.43,7500,27.44,D
sh600887,伊利股份,10:30:27,27.42,102600,27.43,D
sh600887,伊利股份,10:30:42,27.41,12200,27.42,D
sh600887,伊利股份,10:30:45,27.41,14800,27.41,D
sh600887,伊利股份,10:30:48,27.41,7800,27.41,D
sh600887,伊利股份,10:31:09,27.41,9100,27.41,D
sh600887,伊利股份,10:31:12,27.41,8500,27.41,D
sh600887,伊利股份,10:31:15,27.41,13900,27.41,D
sh600887,伊利股份,10:31:18,27.41,7900,27.41,D
sh600887,伊利股份,10:31:24,27.41,7300,27.41,D
sh600887,伊利股份,10:31:36,27.42,53400,27.41,U
sh600887,伊利股份,10:31:39,27.42,8200,27.42,U
sh600887,伊利股份,10:31:42,27.42,10200,27.42,D
sh600887,伊利股份,10:31:57,27.41,9600,27.41,D
sh600887,伊利股份,10:32:30,27.42,9000,27.41,U
sh600887,伊利股份,10:32:33,27.41,8600,27.42,D
sh600887,伊利股份,10:32:45,27.42,11300,27.41,U
sh600887,伊利股份,10:33:12,27.41,42900,27.41,D
sh600887,伊利股份,10:33:27,27.41,14700,27.41,U
sh600887,伊利股份,10:34:30,27.41,7800,27.41,D
sh600887,伊利股份,10:34:33,27.41,38500,27.41,D
sh600887,伊利股份,10:34:54,27.41,13800,27.41,U
sh600887,伊利股份,10:34:57,27.41,14700,27.41,D
sh600887,伊利股份,10:35:06,27.43,41300,27.41,U
sh600887,伊利股份,10:35:09,27.41,9300,27.43,D
sh600887,伊利股份,10:36:09,27.42,12200,27.41,U
sh600887,伊利股份,10:36:51,27.42,12900,27.43,D
sh600887,伊利股份,10:37:45,27.42,30700,27.43,D
sh600887,伊利股份,10:37:51,27.42,7900,27.42,D
sh600887,伊利股份,10:38:00,27.42,21900,27.43,D
sh600887,伊利股份,10:38:30,27.41,10500,27.41,D
sh600887,伊利股份,10:39:03,27.43,26200,27.42,U
sh600887,伊利股份,10:39:06,27.43,16100,27.43,U
sh600887,伊利股份,10:39:24,27.43,13200,27.43,U
sh600887,伊利股份,10:39:27,27.43,14800,27.43,U
sh600887,伊利股份,10:39:51,27.44,8500,27.44,U
sh600887,伊利股份,10:39:54,27.43,8200,27.44,D
sh600887,伊利股份,10:40:33,27.42,8600,27.42,D
sh600887,伊利股份,10:40:36,27.42,7800,27.42,D
sh600887,伊利股份,10:40:42,27.42,21200,27.43,D
sh600887,伊利股份,10:40:48,27.42,8700,27.41,U
sh600887,伊利股份,10:41:06,27.41,15000,27.42,D
sh600887,伊利股份,10:41:09,27.41,27900,27.41,D
sh600887,伊利股份,10:41:12,27.42,11300,27.41,U
sh600887,伊利股份,10:41:15,27.42,24400,27.42,U
sh600887,伊利股份,10:41:21,27.42,13300,27.42,D
sh600887,伊利股份,10:41:57,27.42,10400,27.42,D
sh600887,伊利股份,10:42:03,27.42,9800,27.42,D
sh600887,伊利股份,10:42:21,27.42,10900,27.43,D
sh600887,伊利股份,10:42:36,27.42,14400,27.42,D
sh600887,伊利股份,10:43:12,27.41,8000,27.42,D
sh600887,伊利股份,10:43:24,27.41,9200,27.42,D
sh600887,伊利股份,10:44:12,27.42,10400,27.42,U
sh600887,伊利股份,10:44:27,27.41,10600,27.42,D
sh600887,伊利股份,10:44:42,27.4,234500,27.41,D
sh600887,伊利股份,10:44:45,27.4,14000,27.4,D
sh600887,伊利股份,10:44:51,27.4,16300,27.4,D
sh600887,伊利股份,10:45:09,27.4,14600,27.4,D
sh600887,伊利股份,10:45:12,27.4,21300,27.4,D
sh600887,伊利股份,10:45:15,27.41,9500,27.4,U
sh600887,伊利股份,10:45:36,27.4,8700,27.4,D
sh600887,伊利股份,10:45:39,27.41,36300,27.4,U
sh600887,伊利股份,10:45:45,27.41,11800,27.41,D
sh600887,伊利股份,10:45:51,27.4,7500,27.41,D
sh600887,伊利股份,10:46:00,27.4,11300,27.41,D
sh600887,伊利股份,10:46:06,27.41,7800,27.41,U
sh600887,伊利股份,10:46:18,27.41,11000,27.41,D
sh600887,伊利股份,10:46:30,27.41,10000,27.41,D
sh600887,伊利股份,10:46:33,27.41,20900,27.41,D
sh600887,伊利股份,10:46:36,27.42,26200,27.41,U
sh600887,伊利股份,10:47:06,27.42,9100,27.41,U
sh600887,伊利股份,10:47:30,27.42,96300,27.41,U
sh600887,伊利股份,10:47:42,27.45,13000,27.43,U
sh600887,伊利股份,10:48:03,27.46,34200,27.45,U
sh600887,伊利股份,10:48:09,27.47,12700,27.46,U
sh600887,伊利股份,10:48:12,27.45,19800,27.47,D
sh600887,伊利股份,10:48:15,27.46,11000,27.45,E
sh600887,伊利股份,10:48:21,27.47,24200,27.47,U
sh600887,伊利股份,10:48:33,27.47,11500,27.48,D
sh600887,伊利股份,10:48:36,27.48,10000,27.47,U
sh600887,伊利股份,10:48:39,27.47,22000,27.48,E
sh600887,伊利股份,10:48:42,27.48,12600,27.47,U
sh600887,伊利股份,10:49:03,27.48,9400,27.48,D
sh600887,伊利股份,10:49:15,27.46,21500,27.48,D
sh600887,伊利股份,10:50:48,27.46,10000,27.45,U
sh600887,伊利股份,10:51:03,27.46,7600,27.47,D
sh600887,伊利股份,10:51:15,27.47,20600,27.47,D
sh600887,伊利股份,10:51:18,27.47,7900,27.47,D
sh600887,伊利股份,10:51:27,27.47,18700,27.47,U
sh600887,伊利股份,10:51:45,27.48,11700,27.48,U
sh600887,伊利股份,10:51:54,27.47,17700,27.47,D
sh600887,伊利股份,10:52:27,27.48,9300,27.47,U
sh600887,伊利股份,10:52:48,27.47,16200,27.47,U
sh600887,伊利股份,10:53:15,27.48,10800,27.48,D
sh600887,伊利股份,10:53:42,27.49,7700,27.48,U
sh600887,伊利股份,10:53:51,27.48,10300,27.48,D
sh600887,伊利股份,10:53:57,27.48,8700,27.48,D
sh600887,伊利股份,10:54:03,27.5,9100,27.5,U
sh600887,伊利股份,10:54:18,27.52,102400,27.5,U
sh600887,伊利股份,10:54:30,27.5,8200,27.51,D
sh600887,伊利股份,10:54:36,27.51,10200,27.51,U
sh600887,伊利股份,10:54:39,27.51,11800,27.51,U
sh600887,伊利股份,10:54:42,27.51,10800,27.51,E
sh600887,伊利股份,10:54:45,27.52,10200,27.51,U
sh600887,伊利股份,10:55:09,27.51,17300,27.52,D
sh600887,伊利股份,10:55:18,27.5,14800,27.5,D
sh600887,伊利股份,10:55:27,27.49,10000,27.5,D
sh600887,伊利股份,10:55:45,27.5,10000,27.5,U
sh600887,伊利股份,10:55:51,27.5,7700,27.5,D
sh600887,伊利股份,10:55:57,27.51,21200,27.5,U
sh600887,伊利股份,10:56:09,27.5,9300,27.5,U
sh600887,伊利股份,10:56:27,27.5,11000,27.51,D
sh600887,伊利股份,10:56:30,27.48,22600,27.5,D
sh600887,伊利股份,10:56:33,27.5,13300,27.48,U
sh600887,伊利股份,10:57:09,27.49,9300,27.49,D
sh600887,伊利股份,10:57:39,27.48,29300,27.48,D
sh600887,伊利股份,10:57:42,27.47,12300,27.48,D
sh600887,伊利股份,10:58:21,27.47,15300,27.47,U
sh600887,伊利股份,10:58:27,27.46,12200,27.47,D
sh600887,伊利股份,10:59:12,27.47,20900,27.46,U
sh600887,伊利股份,10:59:21,27.47,9800,27.46,U
sh600887,伊利股份,11:00:51,27.47,12100,27.47,U
sh600887,伊利股份,11:01:00,27.46,12600,27.46,D
sh600887,伊利股份,11:01:03,27.46,19400,27.46,D
sh600887,伊利股份,11:01:24,27.47,7500,27.47,D
sh600887,伊利股份,11:01:48,27.48,15500,27.48,U
sh600887,伊利股份,11:02:27,27.49,10800,27.48,U
sh600887,伊利股份,11:03:21,27.49,7700,27.49,U
sh600887,伊利股份,11:04:12,27.48,27000,27.49,D
sh600887,伊利股份,11:04:21,27.48,15600,27.48,U
sh600887,伊利股份,11:04:36,27.48,11100,27.48,U
sh600887,伊利股份,11:05:09,27.48,15100,27.49,D
sh600887,伊利股份,11:05:15,27.5,50100,27.48,U
sh600887,伊利股份,11:05:18,27.51,18600,27.5,U
sh600887,伊利股份,11:06:03,27.52,25100,27.51,U
sh600887,伊利股份,11:06:06,27.51,14800,27.52,D
sh600887,伊利股份,11:06:12,27.52,11200,27.52,U
sh600887,伊利股份,11:06:33,27.54,11000,27.53,U
sh600887,伊利股份,11:06:39,27.54,7700,27.54,U
sh600887,伊利股份,11:06:45,27.54,9700,27.54,D
sh600887,伊利股份,11:06:51,27.54,7800,27.54,D
sh600887,伊利股份,11:06:54,27.55,11100,27.54,U
sh600887,伊利股份,11:07:09,27.55,17100,27.54,U
sh600887,伊利股份,11:07:24,27.55,51200,27.54,U
sh600887,伊利股份,11:07:27,27.55,39500,27.55,U
sh600887,伊利股份,11:07:42,27.55,12100,27.55,U
sh600887,伊利股份,11:07:45,27.54,11900,27.55,D
sh600887,伊利股份,11:07:51,27.53,66700,27.54,D
sh600887,伊利股份,11:07:54,27.52,15600,27.53,D
sh600887,伊利股份,11:08:00,27.54,8800,27.52,U
sh600887,伊利股份,11:09:00,27.53,21500,27.52,U
sh600887,伊利股份,11:09:03,27.53,8400,27.53,D
sh600887,伊利股份,11:09:15,27.53,16200,27.53,D
sh600887,伊利股份,11:09:18,27.53,60300,27.53,D
sh600887,伊利股份,11:10:03,27.52,60900,27.53,D
sh600887,伊利股份,11:10:33,27.51,8900,27.52,D
sh600887,伊利股份,11:11:00,27.52,9300,27.51,U
sh600887,伊利股份,11:11:33,27.53,16200,27.53,U
sh600887,伊利股份,11:11:42,27.56,55300,27.54,U
sh600887,伊利股份,11:11:48,27.56,7600,27.56,U
sh600887,伊利股份,11:11:51,27.55,8000,27.56,D
sh600887,伊利股份,11:11:54,27.55,9900,27.55,D
sh600887,伊利股份,11:12:03,27.55,13100,27.56,D
sh600887,伊利股份,11:12:18,27.57,18400,27.56,U
sh600887,伊利股份,11:12:21,27.58,22300,27.57,U
sh600887,伊利股份,11:12:24,27.59,14400,27.58,U
sh600887,伊利股份,11:12:33,27.58,52300,27.58,D
sh600887,伊利股份,11:12:36,27.59,11500,27.58,U
sh600887,伊利股份,11:12:39,27.59,16900,27.59,U
sh600887,伊利股份,11:12:51,27.58,13500,27.59,D
sh600887,伊利股份,11:12:57,27.58,9200,27.58,D
sh600887,伊利股份,11:13:09,27.59,46600,27.58,U
sh600887,伊利股份,11:13:21,27.6,22900,27.59,U
sh600887,伊利股份,11:13:33,27.61,32100,27.59,U
sh600887,伊利股份,11:13:39,27.62,24300,27.61,U
sh600887,伊利股份,11:13:54,27.62,22600,27.61,U
sh600887,伊利股份,11:14:00,27.64,39700,27.62,U
sh600887,伊利股份,11:14:03,27.63,51100,27.64,D
sh600887,伊利股份,11:14:06,27.63,14900,27.63,D
sh600887,伊利股份,11:14:21,27.61,12200,27.63,D
sh600887,伊利股份,11:14:24,27.62,22700,27.61,U
sh600887,伊利股份,11:14:48,27.63,42800,27.62,U
sh600887,伊利股份,11:14:51,27.62,7900,27.63,D
sh600887,伊利股份,11:15:00,27.64,11200,27.62,U
sh600887,伊利股份,11:15:06,27.62,19800,27.63,D
sh600887,伊利股份,11:15:18,27.63,16400,27.63,D
sh600887,伊利股份,11:15:45,27.62,9800,27.62,D
sh600887,伊利股份,11:15:54,27.62,10800,27.62,D
sh600887,伊利股份,11:15:57,27.62,10500,27.62,D
sh600887,伊利股份,11:16:00,27.62,14900,27.62,D
sh600887,伊利股份,11:16:15,27.61,10100,27.61,D
sh600887,伊利股份,11:16:18,27.61,15100,27.61,D
sh600887,伊利股份,11:16:21,27.6,7900,27.61,D
sh600887,伊利股份,11:16:27,27.6,8600,27.6,D
sh600887,伊利股份,11:16:33,27.6,81500,27.6,D
sh600887,伊利股份,11:16:39,27.6,7500,27.59,U
sh600887,伊利股份,11:16:48,27.59,19000,27.59,D
sh600887,伊利股份,11:16:57,27.58,45000,27.59,D
sh600887,伊利股份,11:17:18,27.57,9800,27.56,U
sh600887,伊利股份,11:17:42,27.58,10600,27.57,U
sh600887,伊利股份,11:18:12,27.57,58400,27.56,U
sh600887,伊利股份,11:18:33,27.55,17900,27.54,U
sh600887,伊利股份,11:19:45,27.59,11500,27.59,U
sh600887,伊利股份,11:19:57,27.6,7300,27.6,U
sh600887,伊利股份,11:20:00,27.61,44900,27.6,U
sh600887,伊利股份,11:20:15,27.61,13300,27.6,U
sh600887,伊利股份,11:20:24,27.6,15100,27.6,D
sh600887,伊利股份,11:21:03,27.6,31500,27.6,U
sh600887,伊利股份,11:21:12,27.6,41800,27.6,U
sh600887,伊利股份,11:21:15,27.6,8400,27.6,D
sh600887,伊利股份,11:21:27,27.59,15400,27.59,D
sh600887,伊利股份,11:21:54,27.57,62100,27.58,D
sh600887,伊利股份,11:22:15,27.56,21400,27.56,D
sh600887,伊利股份,11:22:27,27.56,9100,27.57,D
sh600887,伊利股份,11:22:42,27.55,11700,27.55,D
sh600887,伊利股份,11:23:03,27.56,50700,27.55,U
sh600887,伊利股份,11:23:30,27.53,40100,27.55,D
sh600887,伊利股份,11:23:42,27.55,16100,27.55,D
sh600887,伊利股份,11:24:45,27.55,17000,27.55,U
sh600887,伊利股份,11:25:03,27.55,43500,27.55,U
sh600887,伊利股份,11:25:06,27.54,11700,27.55,D
sh600887,伊利股份,11:25:15,27.55,8800,27.54,U
sh600887,伊利股份,11:25:18,27.55,19900,27.55,U
sh600887,伊利股份,11:25:33,27.56,7800,27.56,U
sh600887,伊利股份,11:25:42,27.55,7900,27.55,D
sh600887,伊利股份,11:25:45,27.55,11300,27.55,U
sh600887,伊利股份,11:25:51,27.55,11800,27.55,U
sh600887,伊利股份,11:25:57,27.55,24900,27.56,D
sh600887,伊利股份,11:26:00,27.57,21900,27.55,U
sh600887,伊利股份,11:26:06,27.59,17600,27.57,U
sh600887,伊利股份,11:26:24,27.59,10900,27.58,U
sh600887,伊利股份,11:27:06,27.6,27500,27.58,U
sh600887,伊利股份,11:27:09,27.6,7400,27.6,U
sh600887,伊利股份,11:27:15,27.6,8900,27.59,U
sh600887,伊利股份,11:28:06,27.59,8000,27.59,D
sh600887,伊利股份,11:28:15,27.6,14200,27.6,U
sh600887,伊利股份,11:28:24,27.6,18600,27.59,U
sh600887,伊利股份,11:28:30,27.6,14900,27.59,U
sh600887,伊利股份,11:28:33,27.59,33800,27.6,D
sh600887,伊利股份,11:28:54,27.6,15200,27.59,U
sh600887,伊利股份,11:29:06,27.6,8800,27.6,U
sh600887,伊利股份,11:29:30,27.6,9300,27.59,U
sh600887,伊利股份,11:29:36,27.59,11400,27.59,D
sh600887,伊利股份,11:29:45,27.59,8600,27.59,D
sh600887,伊利股份,11:29:51,27.59,16700,27.6,D
sh600887,伊利股份,13:00:00,27.6,16800,27.58,U
sh600887,伊利股份,13:00:03,27.58,24500,27.6,D
sh600887,伊利股份,13:00:06,27.59,46000,27.58,E
sh600887,伊利股份,13:00:09,27.59,22300,27.59,D
sh600887,伊利股份,13:00:12,27.58,27800,27.59,D
sh600887,伊利股份,13:00:15,27.57,47600,27.58,D
sh600887,伊利股份,13:00:18,27.56,18100,27.57,D
sh600887,伊利股份,13:00:21,27.56,25400,27.56,D
sh600887,伊利股份,13:00:30,27.55,7300,27.55,D
sh600887,伊利股份,13:00:36,27.58,7500,27.56,U
sh600887,伊利股份,13:01:06,27.58,9900,27.58,U
sh600887,伊利股份,13:02:03,27.58,7700,27.58,D
sh600887,伊利股份,13:02:18,27.57,7300,27.57,D
sh600887,伊利股份,13:03:00,27.57,13900,27.56,U
sh600887,伊利股份,13:03:06,27.56,10000,27.56,D
sh600887,伊利股份,13:03:30,27.56,9500,27.55,U
sh600887,伊利股份,13:03:36,27.58,9600,27.56,U
sh600887,伊利股份,13:03:42,27.57,7700,27.55,U
sh600887,伊利股份,13:03:48,27.6,20800,27.57,U
sh600887,伊利股份,13:03:51,27.6,11500,27.6,U
sh600887,伊利股份,13:04:27,27.58,36000,27.59,D
sh600887,伊利股份,13:04:51,27.57,60700,27.58,D
sh600887,伊利股份,13:05:21,27.58,60900,27.59,D
sh600887,伊利股份,13:05:24,27.57,12700,27.58,D
sh600887,伊利股份,13:05:48,27.57,10200,27.58,D
sh600887,伊利股份,13:06:06,27.56,27000,27.57,D
sh600887,伊利股份,13:06:21,27.56,8100,27.56,D
sh600887,伊利股份,13:06:33,27.55,8500,27.56,D
sh600887,伊利股份,13:06:39,27.55,55700,27.56,D
sh600887,伊利股份,13:06:45,27.56,8300,27.56,U
sh600887,伊利股份,13:07:18,27.56,8900,27.55,U
sh600887,伊利股份,13:07:27,27.56,10100,27.56,D
sh600887,伊利股份,13:07:39,27.57,52900,27.56,U
sh600887,伊利股份,13:08:18,27.56,23000,27.56,D
sh600887,伊利股份,13:08:45,27.56,62600,27.57,D
sh600887,伊利股份,13:09:15,27.56,12800,27.56,D
sh600887,伊利股份,13:09:27,27.55,7700,27.56,D
sh600887,伊利股份,13:09:30,27.55,36200,27.55,D
sh600887,伊利股份,13:09:45,27.57,53000,27.55,U
sh600887,伊利股份,13:10:21,27.55,8800,27.54,U
sh600887,伊利股份,13:11:33,27.54,14100,27.54,D
sh600887,伊利股份,13:11:42,27.53,10000,27.54,D
sh600887,伊利股份,13:12:03,27.55,7700,27.56,D
sh600887,伊利股份,13:12:06,27.56,15200,27.55,D
sh600887,伊利股份,13:12:45,27.55,8400,27.55,D
sh600887,伊利股份,13:12:48,27.56,7800,27.55,U
sh600887,伊利股份,13:13:12,27.57,19100,27.56,U
sh600887,伊利股份,13:13:15,27.57,8700,27.57,U
sh600887,伊利股份,13:13:18,27.59,33400,27.57,U
sh600887,伊利股份,13:13:21,27.58,7700,27.59,D
sh600887,伊利股份,13:13:30,27.59,7300,27.58,U
sh600887,伊利股份,13:13:48,27.59,13000,27.58,U
sh600887,伊利股份,13:13:54,27.58,21100,27.58,D
sh600887,伊利股份,13:13:57,27.58,85700,27.58,D
sh600887,伊利股份,13:14:03,27.58,15900,27.59,D
sh600887,伊利股份,13:14:06,27.58,14500,27.58,D
sh600887,伊利股份,13:14:21,27.56,44900,27.57,D
sh600887,伊利股份,13:14:27,27.56,8100,27.55,U
sh600887,伊利股份,13:14:45,27.57,85200,27.55,U
sh600887,伊利股份,13:15:45,27.55,8200,27.55,D
sh600887,伊利股份,13:16:00,27.56,13100,27.55,U
sh600887,伊利股份,13:16:09,27.55,7500,27.55,D
sh600887,伊利股份,13:16:21,27.55,7500,27.55,D
sh600887,伊利股份,13:16:24,27.54,7900,27.55,D
sh600887,伊利股份,13:16:45,27.54,12800,27.55,D
sh600887,伊利股份,13:17:33,27.54,13900,27.55,D
sh600887,伊利股份,13:17:45,27.55,44000,27.55,U
sh600887,伊利股份,13:18:06,27.55,28800,27.55,D
sh600887,伊利股份,13:18:39,27.53,167600,27.54,D
sh600887,伊利股份,13:18:42,27.52,8700,27.53,D
sh600887,伊利股份,13:18:45,27.52,12200,27.52,D
sh600887,伊利股份,13:18:51,27.51,9700,27.51,D
sh600887,伊利股份,13:18:57,27.51,149100,27.51,D
sh600887,伊利股份,13:19:00,27.51,10400,27.51,D
sh600887,伊利股份,13:19:09,27.5,13700,27.51,D
sh600887,伊利股份,13:19:12,27.51,25300,27.5,U
sh600887,伊利股份,13:19:15,27.52,13500,27.51,U
sh600887,伊利股份,13:19:54,27.52,11500,27.51,U
sh600887,伊利股份,13:19:57,27.54,19400,27.52,U
sh600887,伊利股份,13:20:00,27.52,11400,27.54,D
sh600887,伊利股份,13:20:03,27.52,7800,27.52,D
sh600887,伊利股份,13:20:30,27.52,95000,27.52,D
sh600887,伊利股份,13:21:18,27.53,23500,27.53,U
sh600887,伊利股份,13:22:00,27.53,7400,27.53,D
sh600887,伊利股份,13:22:09,27.54,16900,27.53,U
sh600887,伊利股份,13:22:33,27.53,8800,27.53,D
sh600887,伊利股份,13:22:48,27.52,11500,27.53,D
sh600887,伊利股份,13:23:03,27.54,12200,27.52,U
sh600887,伊利股份,13:23:12,27.52,10700,27.53,D
sh600887,伊利股份,13:23:18,27.52,9900,27.53,U
sh600887,伊利股份,13:24:27,27.52,29500,27.52,U
sh600887,伊利股份,13:25:00,27.53,52700,27.53,U
sh600887,伊利股份,13:25:36,27.55,7300,27.55,D
sh600887,伊利股份,13:26:39,27.55,17100,27.55,U
sh600887,伊利股份,13:27:09,27.56,13300,27.55,U
sh600887,伊利股份,13:27:15,27.57,25500,27.56,U
sh600887,伊利股份,13:27:36,27.57,8200,27.57,U
sh600887,伊利股份,13:27:39,27.57,10300,27.57,U
sh600887,伊利股份,13:28:06,27.57,22800,27.56,U
sh600887,伊利股份,13:28:15,27.56,24400,27.56,D
sh600887,伊利股份,13:30:00,27.56,11300,27.56,D
sh600887,伊利股份,13:30:06,27.56,7500,27.56,D
sh600887,伊利股份,13:30:33,27.56,9100,27.55,U
sh600887,伊利股份,13:30:45,27.56,26200,27.55,U
sh600887,伊利股份,13:31:00,27.56,8600,27.55,U
sh600887,伊利股份,13:31:09,27.56,12400,27.55,U
sh600887,伊利股份,13:31:33,27.55,14100,27.55,D
sh600887,伊利股份,13:31:45,27.54,9600,27.55,D
sh600887,伊利股份,13:32:09,27.55,8900,27.55,U
sh600887,伊利股份,13:32:24,27.55,7800,27.56,D
sh600887,伊利股份,13:32:27,27.55,9600,27.55,D
sh600887,伊利股份,13:32:33,27.53,45700,27.55,D
sh600887,伊利股份,13:32:48,27.53,124600,27.55,D
sh600887,伊利股份,13:33:21,27.54,52400,27.54,D
sh600887,伊利股份,13:33:27,27.55,10700,27.55,U
sh600887,伊利股份,13:33:33,27.53,25300,27.55,D
sh600887,伊利股份,13:33:48,27.53,25100,27.56,D
sh600887,伊利股份,13:33:57,27.55,26600,27.54,U
sh600887,伊利股份,13:34:09,27.52,27000,27.53,D
sh600887,伊利股份,13:34:21,27.52,26700,27.52,D
sh600887,伊利股份,13:34:30,27.51,25600,27.52,D
sh600887,伊利股份,13:35:09,27.53,26300,27.53,U
sh600887,伊利股份,13:35:45,27.53,8400,27.52,U
sh600887,伊利股份,13:36:12,27.52,16400,27.53,D
sh600887,伊利股份,13:36:18,27.53,7500,27.54,E
sh600887,伊利股份,13:36:21,27.51,50400,27.53,D
sh600887,伊利股份,13:36:33,27.52,150500,27.52,U
sh600887,伊利股份,13:36:45,27.49,90700,27.53,D
sh600887,伊利股份,13:37:03,27.51,7800,27.51,U
sh600887,伊利股份,13:37:21,27.51,21000,27.51,D
sh600887,伊利股份,13:38:03,27.52,14600,27.53,D
sh600887,伊利股份,13:38:06,27.51,22100,27.52,D
sh600887,伊利股份,13:38:09,27.53,12900,27.51,U
sh600887,伊利股份,13:38:12,27.53,7300,27.53,U
sh600887,伊利股份,13:38:15,27.5,7900,27.53,D
sh600887,伊利股份,13:38:42,27.5,29500,27.5,D
sh600887,伊利股份,13:39:03,27.49,38600,27.5,D
sh600887,伊利股份,13:39:30,27.48,9800,27.49,D
sh600887,伊利股份,13:39:33,27.48,36100,27.48,D
sh600887,伊利股份,13:39:36,27.48,32900,27.48,U
sh600887,伊利股份,13:39:48,27.46,10700,27.47,D
sh600887,伊利股份,13:40:15,27.46,7300,27.46,D
sh600887,伊利股份,13:40:27,27.47,13900,27.46,U
sh600887,伊利股份,13:40:42,27.47,14000,27.47,U
sh600887,伊利股份,13:40:45,27.47,15600,27.47,U
sh600887,伊利股份,13:40:51,27.5,14200,27.47,U
sh600887,伊利股份,13:40:54,27.5,8400,27.5,U
sh600887,伊利股份,13:40:57,27.49,15400,27.5,E
sh600887,伊利股份,13:41:00,27.53,20500,27.49,U
sh600887,伊利股份,13:41:12,27.48,9100,27.49,D
sh600887,伊利股份,13:41:39,27.48,16700,27.49,D
sh600887,伊利股份,13:42:24,27.46,20400,27.47,D
sh600887,伊利股份,13:42:57,27.47,10900,27.47,U
sh600887,伊利股份,13:43:03,27.46,46600,27.47,D
sh600887,伊利股份,13:43:09,27.46,9500,27.46,U
sh600887,伊利股份,13:43:15,27.46,9000,27.46,U
sh600887,伊利股份,13:43:48,27.46,11200,27.46,U
sh600887,伊利股份,13:44:06,27.46,14900,27.46,U
sh600887,伊利股份,13:44:12,27.46,21200,27.46,U
sh600887,伊利股份,13:44:15,27.46,25400,27.46,U
sh600887,伊利股份,13:44:27,27.47,10600,27.47,U
sh600887,伊利股份,13:44:33,27.48,49700,27.47,U
sh600887,伊利股份,13:45:03,27.47,28900,27.48,D
sh600887,伊利股份,13:46:09,27.48,25900,27.48,D
sh600887,伊利股份,13:46:48,27.48,20100,27.48,U
sh600887,伊利股份,13:47:03,27.48,8800,27.47,U
sh600887,伊利股份,13:47:12,27.48,10200,27.48,D
sh600887,伊利股份,13:47:18,27.48,31900,27.49,D
sh600887,伊利股份,13:47:21,27.49,7300,27.48,U
sh600887,伊利股份,13:48:24,27.47,14600,27.47,D
sh600887,伊利股份,13:48:27,27.47,8500,27.47,D
sh600887,伊利股份,13:48:39,27.47,10100,27.47,D
sh600887,伊利股份,13:48:48,27.47,7600,27.48,D
sh600887,伊利股份,13:48:54,27.47,11600,27.47,D
sh600887,伊利股份,13:49:12,27.47,8100,27.47,U
sh600887,伊利股份,13:49:15,27.47,17300,27.47,U
sh600887,伊利股份,13:49:18,27.47,7500,27.47,U
sh600887,伊利股份,13:49:27,27.49,22800,27.48,U
sh600887,伊利股份,13:49:30,27.48,14200,27.49,E
sh600887,伊利股份,13:49:39,27.5,10100,27.5,U
sh600887,伊利股份,13:50:00,27.47,11000,27.49,D
sh600887,伊利股份,13:50:09,27.5,8500,27.49,U
sh600887,伊利股份,13:50:51,27.5,50800,27.51,D
sh600887,伊利股份,13:51:00,27.51,7600,27.51,U
sh600887,伊利股份,13:51:03,27.52,14200,27.51,U
sh600887,伊利股份,13:51:06,27.53,13600,27.52,U
sh600887,伊利股份,13:51:15,27.53,22400,27.53,U
sh600887,伊利股份,13:51:36,27.52,37500,27.52,D
sh600887,伊利股份,13:52:21,27.52,9400,27.5,U
sh600887,伊利股份,13:53:06,27.53,9600,27.53,U
sh600887,伊利股份,13:53:09,27.53,42900,27.53,U
sh600887,伊利股份,13:53:12,27.54,10900,27.53,U
sh600887,伊利股份,13:53:15,27.54,8400,27.54,U
sh600887,伊利股份,13:53:18,27.54,9700,27.54,U
sh600887,伊利股份,13:53:21,27.55,10300,27.54,U
sh600887,伊利股份,13:53:33,27.53,11500,27.55,D
sh600887,伊利股份,13:54:30,27.52,58300,27.52,D
sh600887,伊利股份,13:55:06,27.52,18300,27.51,U
sh600887,伊利股份,13:55:12,27.52,23000,27.52,U
sh600887,伊利股份,13:55:48,27.53,8600,27.52,U
sh600887,伊利股份,13:55:51,27.54,35700,27.53,U
sh600887,伊利股份,13:56:06,27.54,34800,27.55,D
sh600887,伊利股份,13:56:48,27.54,9900,27.54,U
sh600887,伊利股份,13:56:57,27.55,9600,27.54,U
sh600887,伊利股份,13:57:03,27.55,11200,27.55,U
sh600887,伊利股份,13:57:09,27.54,9800,27.54,D
sh600887,伊利股份,13:57:21,27.55,9000,27.54,U
sh600887,伊利股份,13:57:30,27.54,9000,27.54,D
sh600887,伊利股份,13:57:39,27.54,9600,27.53,U
sh600887,伊利股份,13:58:09,27.52,14400,27.53,D
sh600887,伊利股份,13:58:12,27.52,10100,27.52,D
sh600887,伊利股份,13:58:24,27.54,14400,27.54,U
sh600887,伊利股份,13:59:15,27.52,9300,27.52,D
sh600887,伊利股份,13:59:39,27.52,7300,27.52,U
sh600887,伊利股份,13:59:42,27.52,7600,27.52,U
sh600887,伊利股份,13:59:54,27.53,7500,27.52,U
sh600887,伊利股份,14:00:15,27.52,23600,27.52,D
sh600887,伊利股份,14:00:18,27.53,24700,27.52,U
sh600887,伊利股份,14:00:21,27.54,36700,27.53,U
sh600887,伊利股份,14:00:24,27.55,17400,27.54,U
sh600887,伊利股份,14:01:03,27.53,15200,27.53,D
sh600887,伊利股份,14:01:15,27.54,21300,27.54,U
sh600887,伊利股份,14:01:18,27.56,50338,27.54,U
sh600887,伊利股份,14:02:06,27.55,11600,27.56,D
sh600887,伊利股份,14:03:00,27.54,7700,27.53,U
sh600887,伊利股份,14:03:33,27.53,23100,27.52,U
sh600887,伊利股份,14:03:54,27.55,35400,27.53,U
sh600887,伊利股份,14:03:57,27.56,12900,27.55,U
sh600887,伊利股份,14:04:00,27.56,13300,27.56,U
sh600887,伊利股份,14:04:15,27.55,9100,27.54,U
sh600887,伊利股份,14:04:57,27.51,12600,27.52,D
sh600887,伊利股份,14:05:03,27.52,12000,27.51,U
sh600887,伊利股份,14:05:09,27.52,7600,27.52,U
sh600887,伊利股份,14:05:12,27.53,28000,27.52,U
sh600887,伊利股份,14:06:00,27.51,7600,27.52,E
sh600887,伊利股份,14:06:42,27.52,21200,27.51,U
sh600887,伊利股份,14:06:45,27.51,30300,27.52,D
sh600887,伊利股份,14:06:51,27.52,10600,27.53,D
sh600887,伊利股份,14:07:03,27.54,9400,27.53,U
sh600887,伊利股份,14:07:15,27.52,10900,27.52,D
sh600887,伊利股份,14:07:33,27.52,10700,27.52,U
sh600887,伊利股份,14:09:00,27.52,8000,27.51,U
sh600887,伊利股份,14:09:03,27.52,9700,27.52,U
sh600887,伊利股份,14:09:12,27.52,10900,27.51,U
sh600887,伊利股份,14:09:24,27.52,7700,27.52,U
sh600887,伊利股份,14:10:12,27.53,9800,27.52,U
sh600887,伊利股份,14:10:18,27.52,8200,27.51,U
sh600887,伊利股份,14:10:48,27.52,30400,27.51,U
sh600887,伊利股份,14:10:51,27.52,7600,27.52,D
sh600887,伊利股份,14:11:03,27.52,9800,27.53,D
sh600887,伊利股份,14:11:06,27.54,9000,27.52,U
sh600887,伊利股份,14:11:09,27.54,8800,27.54,U
sh600887,伊利股份,14:11:18,27.53,7400,27.53,U
sh600887,伊利股份,14:11:42,27.53,16000,27.53,D
sh600887,伊利股份,14:12:12,27.55,99500,27.53,U
sh600887,伊利股份,14:12:15,27.53,10100,27.55,D
sh600887,伊利股份,14:12:18,27.55,32200,27.53,U
sh600887,伊利股份,14:12:42,27.56,47127,27.56,U
sh600887,伊利股份,14:12:45,27.56,25600,27.56,D
sh600887,伊利股份,14:13:00,27.57,10700,27.56,U
sh600887,伊利股份,14:13:18,27.55,10000,27.56,D
sh600887,伊利股份,14:13:21,27.56,41500,27.55,U
sh600887,伊利股份,14:13:24,27.58,37100,27.56,U
sh600887,伊利股份,14:13:27,27.58,18200,27.58,U
sh600887,伊利股份,14:13:30,27.58,9500,27.58,U
sh600887,伊利股份,14:13:33,27.57,12500,27.58,E
sh600887,伊利股份,14:13:42,27.58,41100,27.58,U
sh600887,伊利股份,14:13:57,27.59,10000,27.59,U
sh600887,伊利股份,14:14:00,27.59,28600,27.59,U
sh600887,伊利股份,14:14:03,27.59,24700,27.59,U
sh600887,伊利股份,14:14:06,27.6,10200,27.59,U
sh600887,伊利股份,14:14:12,27.6,8400,27.6,U
sh600887,伊利股份,14:14:18,27.6,14200,27.6,U
sh600887,伊利股份,14:14:21,27.6,9100,27.6,U
sh600887,伊利股份,14:14:36,27.6,14700,27.6,U
sh600887,伊利股份,14:14:39,27.6,21900,27.6,U
sh600887,伊利股份,14:14:42,27.6,23858,27.6,U
sh600887,伊利股份,14:14:45,27.59,14800,27.6,D
sh600887,伊利股份,14:14:48,27.6,19500,27.59,U
sh600887,伊利股份,14:14:54,27.59,14600,27.6,D
sh600887,伊利股份,14:15:00,27.6,8000,27.59,U
sh600887,伊利股份,14:15:12,27.59,22800,27.59,U
sh600887,伊利股份,14:15:21,27.59,13000,27.58,U
sh600887,伊利股份,14:15:57,27.56,14600,27.56,D
sh600887,伊利股份,14:16:06,27.56,15400,27.55,U
sh600887,伊利股份,14:16:21,27.57,38800,27.55,U
sh600887,伊利股份,14:16:54,27.55,9300,27.56,D
sh600887,伊利股份,14:17:03,27.56,10900,27.56,U
sh600887,伊利股份,14:17:24,27.55,7900,27.55,D
sh600887,伊利股份,14:17:27,27.54,10600,27.55,D
sh600887,伊利股份,14:18:06,27.54,8600,27.53,U
sh600887,伊利股份,14:18:18,27.54,8400,27.53,U
sh600887,伊利股份,14:18:24,27.55,9900,27.56,D
sh600887,伊利股份,14:18:42,27.54,8400,27.55,D
sh600887,伊利股份,14:19:03,27.56,9500,27.56,U
sh600887,伊利股份,14:19:18,27.56,9000,27.56,U
sh600887,伊利股份,14:19:30,27.56,7500,27.55,U
sh600887,伊利股份,14:19:33,27.57,15900,27.56,U
sh600887,伊利股份,14:19:36,27.57,8000,27.57,U
sh600887,伊利股份,14:20:00,27.57,8300,27.57,U
sh600887,伊利股份,14:20:09,27.56,8500,27.56,U
sh600887,伊利股份,14:20:15,27.57,8300,27.56,U
sh600887,伊利股份,14:20:27,27.57,20100,27.57,U
sh600887,伊利股份,14:20:30,27.57,58400,27.57,U
sh600887,伊利股份,14:20:33,27.56,12000,27.57,D
sh600887,伊利股份,14:20:48,27.57,10500,27.57,D
sh600887,伊利股份,14:20:51,27.58,8400,27.57,U
sh600887,伊利股份,14:20:54,27.57,15300,27.58,D
sh600887,伊利股份,14:21:06,27.58,16600,27.57,U
sh600887,伊利股份,14:21:09,27.59,7400,27.58,U
sh600887,伊利股份,14:21:12,27.59,9100,27.59,U
sh600887,伊利股份,14:21:15,27.59,12100,27.59,U
sh600887,伊利股份,14:21:48,27.56,7300,27.56,U
sh600887,伊利股份,14:22:45,27.58,9600,27.58,U
sh600887,伊利股份,14:22:54,27.56,50500,27.58,D
sh600887,伊利股份,14:23:00,27.57,11200,27.55,U
sh600887,伊利股份,14:24:00,27.55,12000,27.55,D
sh600887,伊利股份,14:24:09,27.54,15200,27.55,D
sh600887,伊利股份,14:24:57,27.55,18800,27.55,D
sh600887,伊利股份,14:25:12,27.54,20000,27.55,D
sh600887,伊利股份,14:25:21,27.55,15800,27.55,D
sh600887,伊利股份,14:25:24,27.56,9200,27.55,U
sh600887,伊利股份,14:25:33,27.55,9700,27.56,D
sh600887,伊利股份,14:25:39,27.56,7800,27.56,U
sh600887,伊利股份,14:25:42,27.56,8600,27.56,D
sh600887,伊利股份,14:25:51,27.56,7700,27.56,U
sh600887,伊利股份,14:26:09,27.54,30000,27.55,D
sh600887,伊利股份,14:26:12,27.54,9000,27.54,D
sh600887,伊利股份,14:26:27,27.54,7400,27.54,D
sh600887,伊利股份,14:26:33,27.55,9500,27.54,U
sh600887,伊利股份,14:26:42,27.55,7500,27.55,D
sh600887,伊利股份,14:27:03,27.55,14300,27.55,U
sh600887,伊利股份,14:27:15,27.55,12607,27.55,D
sh600887,伊利股份,14:27:36,27.54,24900,27.54,D
sh600887,伊利股份,14:27:39,27.54,58200,27.54,D
sh600887,伊利股份,14:28:00,27.55,53000,27.53,U
sh600887,伊利股份,14:28:15,27.55,16300,27.54,U
sh600887,伊利股份,14:29:15,27.54,7900,27.54,D
sh600887,伊利股份,14:29:24,27.54,9700,27.54,U
sh600887,伊利股份,14:30:06,27.54,18500,27.54,U
sh600887,伊利股份,14:30:09,27.53,10500,27.54,D
sh600887,伊利股份,14:30:12,27.54,13500,27.53,U
sh600887,伊利股份,14:30:18,27.54,33600,27.54,D
sh600887,伊利股份,14:30:21,27.54,29400,27.54,D
sh600887,伊利股份,14:30:30,27.54,8200,27.54,D
sh600887,伊利股份,14:30:36,27.55,10400,27.54,U
sh600887,伊利股份,14:30:57,27.54,9900,27.55,D
sh600887,伊利股份,14:31:18,27.55,10100,27.55,U
sh600887,伊利股份,14:31:33,27.56,7700,27.55,U
sh600887,伊利股份,14:31:36,27.56,7300,27.56,U
sh600887,伊利股份,14:31:39,27.55,17000,27.56,D
sh600887,伊利股份,14:31:48,27.56,11200,27.56,U
sh600887,伊利股份,14:31:51,27.57,15693,27.56,U
sh600887,伊利股份,14:31:54,27.57,11000,27.57,U
sh600887,伊利股份,14:31:57,27.58,7700,27.57,U
sh600887,伊利股份,14:32:03,27.56,15000,27.57,D
sh600887,伊利股份,14:32:06,27.58,11800,27.56,U
sh600887,伊利股份,14:32:09,27.58,11600,27.58,U
sh600887,伊利股份,14:32:12,27.58,10900,27.58,U
sh600887,伊利股份,14:32:15,27.57,8400,27.58,D
sh600887,伊利股份,14:32:18,27.58,41700,27.57,U
sh600887,伊利股份,14:32:21,27.58,11100,27.58,U
sh600887,伊利股份,14:32:24,27.59,29300,27.58,U
sh600887,伊利股份,14:32:27,27.6,10200,27.59,U
sh600887,伊利股份,14:32:30,27.58,13500,27.6,D
sh600887,伊利股份,14:32:36,27.6,9100,27.6,U
sh600887,伊利股份,14:32:39,27.59,27100,27.6,D
sh600887,伊利股份,14:32:42,27.58,7800,27.59,D
sh600887,伊利股份,14:32:57,27.57,14600,27.57,D
sh600887,伊利股份,14:33:06,27.57,10300,27.57,D
sh600887,伊利股份,14:33:18,27.58,10700,27.58,U
sh600887,伊利股份,14:33:21,27.58,8800,27.58,D
sh600887,伊利股份,14:33:24,27.57,37500,27.58,D
sh600887,伊利股份,14:34:00,27.57,51600,27.58,D
sh600887,伊利股份,14:34:18,27.56,24200,27.56,D
sh600887,伊利股份,14:34:30,27.56,28700,27.57,D
sh600887,伊利股份,14:34:33,27.55,33300,27.56,D
sh600887,伊利股份,14:34:36,27.56,11800,27.55,E
sh600887,伊利股份,14:34:57,27.55,17600,27.56,D
sh600887,伊利股份,14:35:00,27.55,37400,27.55,D
sh600887,伊利股份,14:35:18,27.56,11500,27.56,U
sh600887,伊利股份,14:35:27,27.55,7500,27.56,D
sh600887,伊利股份,14:35:36,27.56,8900,27.55,U
sh600887,伊利股份,14:35:39,27.56,21900,27.56,U
sh600887,伊利股份,14:35:48,27.56,9800,27.56,U
sh600887,伊利股份,14:35:57,27.56,10100,27.56,D
sh600887,伊利股份,14:36:06,27.57,26600,27.57,U
sh600887,伊利股份,14:36:09,27.56,24000,27.57,D
sh600887,伊利股份,14:36:12,27.57,8100,27.56,U
sh600887,伊利股份,14:36:18,27.57,20000,27.57,U
sh600887,伊利股份,14:36:21,27.57,11500,27.57,U
sh600887,伊利股份,14:36:27,27.57,13200,27.57,U
sh600887,伊利股份,14:36:33,27.58,19800,27.58,U
sh600887,伊利股份,14:36:36,27.58,21000,27.58,U
sh600887,伊利股份,14:36:39,27.58,8500,27.58,U
sh600887,伊利股份,14:36:51,27.58,31700,27.58,U
sh600887,伊利股份,14:36:54,27.57,16100,27.58,D
sh600887,伊利股份,14:36:57,27.57,9800,27.57,U
sh600887,伊利股份,14:37:03,27.57,8900,27.58,D
sh600887,伊利股份,14:37:06,27.58,9400,27.57,U
sh600887,伊利股份,14:37:09,27.58,8900,27.58,E
sh600887,伊利股份,14:37:18,27.58,11300,27.57,U
sh600887,伊利股份,14:37:21,27.59,19000,27.58,U
sh600887,伊利股份,14:37:24,27.58,12900,27.59,D
sh600887,伊利股份,14:37:27,27.59,41451,27.58,U
sh600887,伊利股份,14:37:30,27.6,21500,27.59,U
sh600887,伊利股份,14:37:33,27.6,11000,27.6,U
sh600887,伊利股份,14:37:36,27.6,18300,27.6,U
sh600887,伊利股份,14:37:39,27.6,17300,27.6,U
sh600887,伊利股份,14:37:42,27.6,7900,27.6,U
sh600887,伊利股份,14:37:48,27.6,20900,27.6,U
sh600887,伊利股份,14:37:51,27.61,32200,27.6,U
sh600887,伊利股份,14:37:54,27.61,7800,27.61,U
sh600887,伊利股份,14:37:57,27.61,36200,27.61,U
sh600887,伊利股份,14:38:00,27.61,71500,27.61,E
sh600887,伊利股份,14:38:06,27.6,36100,27.62,D
sh600887,伊利股份,14:38:09,27.61,19100,27.6,U
sh600887,伊利股份,14:38:12,27.6,13700,27.61,D
sh600887,伊利股份,14:38:18,27.61,15100,27.6,U
sh600887,伊利股份,14:38:21,27.61,7300,27.61,D
sh600887,伊利股份,14:38:33,27.61,19600,27.61,U
sh600887,伊利股份,14:38:36,27.62,7700,27.61,U
sh600887,伊利股份,14:38:39,27.61,15500,27.62,D
sh600887,伊利股份,14:38:42,27.62,14700,27.61,U
sh600887,伊利股份,14:38:45,27.63,31600,27.62,U
sh600887,伊利股份,14:38:48,27.63,25300,27.63,U
sh600887,伊利股份,14:38:51,27.63,21700,27.63,U
sh600887,伊利股份,14:38:54,27.64,10600,27.63,U
sh600887,伊利股份,14:38:57,27.64,13100,27.64,U
sh600887,伊利股份,14:39:00,27.65,37000,27.64,U
sh600887,伊利股份,14:39:03,27.62,48100,27.65,D
sh600887,伊利股份,14:39:06,27.64,35400,27.62,U
sh600887,伊利股份,14:39:09,27.63,16300,27.64,D
sh600887,伊利股份,14:39:18,27.64,19900,27.63,U
sh600887,伊利股份,14:39:24,27.63,44900,27.63,D
sh600887,伊利股份,14:39:30,27.63,16300,27.63,D
sh600887,伊利股份,14:39:33,27.64,8100,27.63,U
sh600887,伊利股份,14:39:36,27.64,13100,27.64,U
sh600887,伊利股份,14:39:39,27.65,7300,27.64,U
sh600887,伊利股份,14:39:42,27.64,16500,27.65,D
sh600887,伊利股份,14:39:48,27.65,14900,27.63,U
sh600887,伊利股份,14:39:54,27.64,12500,27.64,U
sh600887,伊利股份,14:39:57,27.64,9500,27.64,D
sh600887,伊利股份,14:40:00,27.65,24000,27.64,U
sh600887,伊利股份,14:40:03,27.65,45300,27.65,U
sh600887,伊利股份,14:40:06,27.65,11900,27.65,U
sh600887,伊利股份,14:40:09,27.65,8200,27.65,D
sh600887,伊利股份,14:40:12,27.64,7900,27.65,D
sh600887,伊利股份,14:40:18,27.64,9100,27.63,U
sh600887,伊利股份,14:40:30,27.63,17700,27.64,D
sh600887,伊利股份,14:40:36,27.64,46300,27.64,U
sh600887,伊利股份,14:40:51,27.63,12228,27.63,D
sh600887,伊利股份,14:40:54,27.63,7300,27.63,U
sh600887,伊利股份,14:41:00,27.63,7500,27.63,D
sh600887,伊利股份,14:41:06,27.63,8400,27.63,D
sh600887,伊利股份,14:41:18,27.62,15600,27.62,D
sh600887,伊利股份,14:41:33,27.61,18100,27.61,U
sh600887,伊利股份,14:41:36,27.62,7600,27.61,U
sh600887,伊利股份,14:41:45,27.61,23100,27.62,D
sh600887,伊利股份,14:42:00,27.62,23300,27.6,U
sh600887,伊利股份,14:42:03,27.6,17500,27.62,D
sh600887,伊利股份,14:42:06,27.6,11200,27.6,D
sh600887,伊利股份,14:42:09,27.6,8700,27.6,D
sh600887,伊利股份,14:42:15,27.61,12200,27.62,D
sh600887,伊利股份,14:42:18,27.61,13400,27.61,D
sh600887,伊利股份,14:42:36,27.62,15900,27.62,U
sh600887,伊利股份,14:42:48,27.6,10800,27.61,D
sh600887,伊利股份,14:42:51,27.62,9400,27.6,U
sh600887,伊利股份,14:42:57,27.61,13000,27.61,D
sh600887,伊利股份,14:43:03,27.61,8116,27.61,D
sh600887,伊利股份,14:43:06,27.62,38200,27.61,U
sh600887,伊利股份,14:43:09,27.61,16200,27.62,D
sh600887,伊利股份,14:43:18,27.61,25600,27.62,D
sh600887,伊利股份,14:43:21,27.62,8000,27.61,U
sh600887,伊利股份,14:43:27,27.61,9700,27.62,D
sh600887,伊利股份,14:43:33,27.61,14400,27.62,D
sh600887,伊利股份,14:43:36,27.62,10300,27.61,U
sh600887,伊利股份,14:43:42,27.62,23500,27.62,U
sh600887,伊利股份,14:43:45,27.62,8000,27.62,U
sh600887,伊利股份,14:43:51,27.61,8900,27.61,D
sh600887,伊利股份,14:44:00,27.62,22600,27.62,U
sh600887,伊利股份,14:44:03,27.61,18800,27.62,D
sh600887,伊利股份,14:44:06,27.62,16200,27.61,U
sh600887,伊利股份,14:44:18,27.62,8600,27.62,U
sh600887,伊利股份,14:44:33,27.61,7300,27.62,D
sh600887,伊利股份,14:44:36,27.62,15800,27.61,U
sh600887,伊利股份,14:44:39,27.62,8400,27.62,U
sh600887,伊利股份,14:44:45,27.62,10800,27.62,U
sh600887,伊利股份,14:44:51,27.62,10100,27.61,U
sh600887,伊利股份,14:44:57,27.62,10900,27.61,U
sh600887,伊利股份,14:45:00,27.61,17000,27.62,D
sh600887,伊利股份,14:45:03,27.61,40800,27.61,D
sh600887,伊利股份,14:45:06,27.61,31700,27.61,D
sh600887,伊利股份,14:45:15,27.62,9200,27.62,U
sh600887,伊利股份,14:45:18,27.62,16400,27.62,U
sh600887,伊利股份,14:45:27,27.63,21500,27.61,U
sh600887,伊利股份,14:45:36,27.61,15800,27.61,D
sh600887,伊利股份,14:45:39,27.61,44000,27.61,D
sh600887,伊利股份,14:45:45,27.6,7800,27.61,D
sh600887,伊利股份,14:45:48,27.6,68200,27.6,D
sh600887,伊利股份,14:45:57,27.59,8300,27.6,D
sh600887,伊利股份,14:46:03,27.59,19900,27.6,D
sh600887,伊利股份,14:46:06,27.58,24300,27.59,D
sh600887,伊利股份,14:46:18,27.59,35100,27.58,U
sh600887,伊利股份,14:46:30,27.59,17000,27.59,D
sh600887,伊利股份,14:46:36,27.6,8700,27.59,U
sh600887,伊利股份,14:46:42,27.59,19900,27.6,D
sh600887,伊利股份,14:46:57,27.59,9300,27.58,U
sh600887,伊利股份,14:47:00,27.59,11500,27.59,U
sh600887,伊利股份,14:47:03,27.58,26900,27.59,D
sh600887,伊利股份,14:47:06,27.59,30500,27.58,U
sh600887,伊利股份,14:47:09,27.59,10500,27.59,D
sh600887,伊利股份,14:47:18,27.6,14800,27.6,U
sh600887,伊利股份,14:47:21,27.6,11300,27.6,U
sh600887,伊利股份,14:47:27,27.6,19100,27.6,U
sh600887,伊利股份,14:47:36,27.6,15200,27.6,D
sh600887,伊利股份,14:47:39,27.61,9200,27.6,U
sh600887,伊利股份,14:47:51,27.62,8600,27.62,U
sh600887,伊利股份,14:47:54,27.61,40500,27.62,D
sh600887,伊利股份,14:47:57,27.61,8100,27.61,D
sh600887,伊利股份,14:48:03,27.61,52900,27.61,D
sh600887,伊利股份,14:48:06,27.61,18500,27.61,U
sh600887,伊利股份,14:48:18,27.61,36500,27.61,U
sh600887,伊利股份,14:48:21,27.61,13200,27.61,U
sh600887,伊利股份,14:48:27,27.61,8600,27.61,U
sh600887,伊利股份,14:48:33,27.59,62600,27.6,D
sh600887,伊利股份,14:48:36,27.61,12700,27.59,U
sh600887,伊利股份,14:48:54,27.58,12100,27.59,D
sh600887,伊利股份,14:48:57,27.59,12800,27.58,D
sh600887,伊利股份,14:49:03,27.58,28100,27.58,D
sh600887,伊利股份,14:49:06,27.58,10700,27.58,D
sh600887,伊利股份,14:49:15,27.59,9300,27.59,U
sh600887,伊利股份,14:49:18,27.6,10600,27.59,U
sh600887,伊利股份,14:49:30,27.59,7300,27.59,D
sh600887,伊利股份,14:49:36,27.59,17100,27.6,D
sh600887,伊利股份,14:49:48,27.59,16800,27.59,D
sh600887,伊利股份,14:49:57,27.6,21000,27.6,U
sh600887,伊利股份,14:50:03,27.59,36100,27.61,D
sh600887,伊利股份,14:50:06,27.6,38900,27.59,U
sh600887,伊利股份,14:50:09,27.59,21300,27.6,D
sh600887,伊利股份,14:50:18,27.59,8200,27.59,D
sh600887,伊利股份,14:50:21,27.59,12300,27.59,D
sh600887,伊利股份,14:50:24,27.59,19900,27.59,D
sh600887,伊利股份,14:50:27,27.59,14500,27.59,U
sh600887,伊利股份,14:50:30,27.59,16200,27.59,U
sh600887,伊利股份,14:50:45,27.6,14800,27.6,U
sh600887,伊利股份,14:50:48,27.59,12200,27.6,D
sh600887,伊利股份,14:50:51,27.6,13000,27.59,U
sh600887,伊利股份,14:50:54,27.61,9600,27.6,U
sh600887,伊利股份,14:50:57,27.61,7500,27.61,U
sh600887,伊利股份,14:51:00,27.6,12500,27.61,D
sh600887,伊利股份,14:51:03,27.6,67400,27.6,D
sh600887,伊利股份,14:51:06,27.6,28200,27.6,U
sh600887,伊利股份,14:51:18,27.6,9300,27.59,U
sh600887,伊利股份,14:51:21,27.59,34800,27.6,D
sh600887,伊利股份,14:51:30,27.6,15100,27.59,U
sh600887,伊利股份,14:51:36,27.59,10200,27.59,D
sh600887,伊利股份,14:51:48,27.6,12800,27.6,U
sh600887,伊利股份,14:51:54,27.59,8000,27.59,D
sh600887,伊利股份,14:51:57,27.6,8200,27.59,U
sh600887,伊利股份,14:52:00,27.59,31000,27.6,D
sh600887,伊利股份,14:52:03,27.59,63000,27.59,D
sh600887,伊利股份,14:52:06,27.59,24400,27.59,D
sh600887,伊利股份,14:52:12,27.59,23400,27.59,U
sh600887,伊利股份,14:52:15,27.59,53200,27.59,D
sh600887,伊利股份,14:52:18,27.59,28000,27.59,D
sh600887,伊利股份,14:52:30,27.59,8000,27.58,U
sh600887,伊利股份,14:52:33,27.58,13000,27.59,D
sh600887,伊利股份,14:52:36,27.59,13700,27.58,U
sh600887,伊利股份,14:52:51,27.58,9200,27.58,D
sh600887,伊利股份,14:52:57,27.59,11900,27.58,U
sh600887,伊利股份,14:53:03,27.58,23500,27.59,D
sh600887,伊利股份,14:53:06,27.58,7800,27.58,D
sh600887,伊利股份,14:53:09,27.58,13900,27.58,U
sh600887,伊利股份,14:53:18,27.58,8900,27.58,D
sh600887,伊利股份,14:53:36,27.59,12300,27.58,U
sh600887,伊利股份,14:53:42,27.58,32800,27.59,D
sh600887,伊利股份,14:53:48,27.58,7500,27.58,D
sh600887,伊利股份,14:53:54,27.58,7400,27.58,D
sh600887,伊利股份,14:53:57,27.58,11700,27.58,D
sh600887,伊利股份,14:54:00,27.59,13900,27.58,U
sh600887,伊利股份,14:54:03,27.58,45200,27.59,D
sh600887,伊利股份,14:54:06,27.58,40400,27.58,D
sh600887,伊利股份,14:54:09,27.58,8800,27.58,U
sh600887,伊利股份,14:54:15,27.58,12200,27.58,U
sh600887,伊利股份,14:54:18,27.58,18900,27.58,U
sh600887,伊利股份,14:54:27,27.58,10800,27.58,U
sh600887,伊利股份,14:54:30,27.59,7700,27.58,U
sh600887,伊利股份,14:54:36,27.59,12400,27.59,U
sh600887,伊利股份,14:54:39,27.59,47800,27.59,U
sh600887,伊利股份,14:54:45,27.59,9600,27.59,U
sh600887,伊利股份,14:54:51,27.59,17000,27.58,U
sh600887,伊利股份,14:54:57,27.59,8900,27.59,D
sh600887,伊利股份,14:55:00,27.59,15300,27.59,D
sh600887,伊利股份,14:55:03,27.58,22700,27.59,D
sh600887,伊利股份,14:55:06,27.58,23100,27.58,D
sh600887,伊利股份,14:55:09,27.57,8600,27.58,D
sh600887,伊利股份,14:55:18,27.58,26700,27.58,U
sh600887,伊利股份,14:55:21,27.57,60800,27.58,D
sh600887,伊利股份,14:55:24,27.57,9100,27.57,U
sh600887,伊利股份,14:55:36,27.58,11200,27.57,U
sh600887,伊利股份,14:55:39,27.58,25300,27.58,U
sh600887,伊利股份,14:55:42,27.57,94700,27.58,D
sh600887,伊利股份,14:55:48,27.59,37100,27.58,E
sh600887,伊利股份,14:55:54,27.59,12600,27.59,D
sh600887,伊利股份,14:56:00,27.61,7263,27.59,U
sh600887,伊利股份,14:56:03,27.59,42500,27.61,D
sh600887,伊利股份,14:56:06,27.58,27900,27.59,D
sh600887,伊利股份,14:56:33,27.58,9700,27.58,U
sh600887,伊利股份,14:56:42,27.58,9000,27.58,D
sh600887,伊利股份,14:56:57,27.59,17500,27.58,U
sh600887,伊利股份,15:00:00,27.62,556400,27.59,U
