symbol,name,ticktime,price,volume,prev_price,kind
sh600887,伊利股份,09:25:01,26.89,134600,0.0,U
sh600887,伊利股份,09:30:00,26.89,52500,26.89,U
sh600887,伊利股份,09:30:06,26.88,18100,26.89,D
sh600887,伊利股份,09:30:09,26.88,37600,26.88,U
sh600887,伊利股份,09:30:12,26.89,50000,26.88,U
sh600887,伊利股份,09:30:15,26.88,28600,26.89,E
sh600887,伊利股份,09:30:18,26.9,18900,26.88,E
sh600887,伊利股份,09:30:21,26.9,12300,26.9,E
sh600887,伊利股份,09:30:24,26.88,75000,26.9,D
sh600887,伊利股份,09:30:27,26.89,23700,26.88,U
sh600887,伊利股份,09:30:30,26.88,40700,26.89,D
sh600887,伊利股份,09:30:33,26.89,26700,26.88,U
sh600887,伊利股份,09:30:36,26.87,22900,26.89,D
sh600887,伊利股份,09:30:39,26.87,24200,26.87,D
sh600887,伊利股份,09:30:45,26.88,26800,26.88,U
sh600887,伊利股份,09:30:48,26.88,43000,26.88,U
sh600887,伊利股份,09:30:51,26.87,24300,26.88,U
sh600887,伊利股份,09:30:54,26.86,83700,26.87,D
sh600887,伊利股份,09:30:57,26.89,102800,26.86,U
sh600887,伊利股份,09:31:00,26.89,58400,26.89,U
sh600887,伊利股份,09:31:03,26.88,64300,26.89,D
sh600887,伊利股份,09:31:06,26.92,16500,26.88,U
sh600887,伊利股份,09:31:09,26.9,10700,26.92,E
sh600887,伊利股份,09:31:12,26.89,13700,26.9,D
sh600887,伊利股份,09:31:15,26.89,15100,26.89,D
sh600887,伊利股份,09:31:18,26.88,15400,26.89,D
sh600887,伊利股份,09:31:21,26.9,10500,26.88,U
sh600887,伊利股份,09:31:24,26.9,36900,26.9,U
sh600887,伊利股份,09:31:27,26.9,8800,26.9,E
sh600887,伊利股份,09:31:33,26.89,17800,26.9,E
sh600887,伊利股份,09:31:39,26.9,8200,26.89,U
sh600887,伊利股份,09:31:42,26.89,8800,26.9,D
sh600887,伊利股份,09:31:54,26.9,22200,26.89,U
sh600887,伊利股份,09:31:57,26.9,12100,26.9,U
sh600887,伊利股份,09:32:03,26.89,19200,26.89,D
sh600887,伊利股份,09:32:06,26.89,49000,26.89,U
sh600887,伊利股份,09:32:09,26.89,32100,26.89,U
sh600887,伊利股份,09:32:12,26.9,24200,26.89,U
sh600887,伊利股份,09:32:15,26.9,9200,26.9,D
sh600887,伊利股份,09:32:18,26.89,44700,26.9,D
sh600887,伊利股份,09:32:21,26.9,22900,26.89,U
sh600887,伊利股份,09:32:24,26.91,16200,26.9,U
sh600887,伊利股份,09:32:27,26.92,14000,26.91,U
sh600887,伊利股份,09:32:30,26.89,7700,26.92,D
sh600887,伊利股份,09:32:36,26.91,22600,26.91,U
sh600887,伊利股份,09:32:39,26.93,12000,26.91,U
sh600887,伊利股份,09:32:45,26.95,11200,26.94,U
sh600887,伊利股份,09:32:48,26.94,9700,26.95,E
sh600887,伊利股份,09:32:54,26.95,22400,26.95,U
sh600887,伊利股份,09:32:57,26.95,11900,26.95,D
sh600887,伊利股份,09:33:03,26.96,7600,26.96,E
sh600887,伊利股份,09:33:06,26.95,7900,26.96,D
sh600887,伊利股份,09:33:09,26.95,23600,26.95,D
sh600887,伊利股份,09:33:12,26.95,19200,26.95,U
sh600887,伊利股份,09:33:15,26.96,13900,26.95,U
sh600887,伊利股份,09:33:24,26.97,13000,26.96,U
sh600887,伊利股份,09:33:27,26.98,20100,26.97,U
sh600887,伊利股份,09:33:30,26.98,9800,26.98,U
sh600887,伊利股份,09:33:33,26.96,28300,26.98,D
sh600887,伊利股份,09:33:36,26.94,12600,26.96,D
sh600887,伊利股份,09:33:51,26.97,7600,26.96,U
sh600887,伊利股份,09:34:00,26.97,9900,26.97,U
sh600887,伊利股份,09:34:03,26.97,12400,26.97,U
sh600887,伊利股份,09:34:06,26.97,29200,26.97,U
sh600887,伊利股份,09:34:09,26.96,20600,26.97,D
sh600887,伊利股份,09:34:12,26.96,13300,26.96,U
sh600887,伊利股份,09:34:15,26.95,14700,26.96,D
sh600887,伊利股份,09:34:18,26.97,29800,26.95,U
sh600887,伊利股份,09:34:21,26.95,7700,26.97,D
sh600887,伊利股份,09:34:42,26.95,32300,26.95,U
sh600887,伊利股份,09:34:45,26.95,11000,26.95,U
sh600887,伊利股份,09:34:48,26.94,11600,26.95,E
sh600887,伊利股份,09:34:54,26.95,21500,26.93,U
sh600887,伊利股份,09:34:57,26.92,11700,26.95,D
sh600887,伊利股份,09:35:09,26.92,10500,26.91,D
sh600887,伊利股份,09:35:48,26.93,11500,26.93,D
sh600887,伊利股份,09:35:51,26.91,9100,26.93,D
sh600887,伊利股份,09:36:15,26.9,17300,26.92,D
sh600887,伊利股份,09:36:18,26.91,11800,26.9,E
sh600887,伊利股份,09:36:21,26.92,9200,26.91,U
sh600887,伊利股份,09:36:24,26.91,8400,26.92,D
sh600887,伊利股份,09:36:33,26.9,41300,26.91,D
sh600887,伊利股份,09:36:36,26.9,28400,26.9,D
sh600887,伊利股份,09:36:39,26.91,20800,26.9,U
sh600887,伊利股份,09:36:45,26.92,8000,26.91,U
sh600887,伊利股份,09:36:48,26.92,15100,26.92,U
sh600887,伊利股份,09:36:51,26.92,8400,26.92,U
sh600887,伊利股份,09:36:57,26.92,13300,26.92,U
sh600887,伊利股份,09:37:03,26.91,14200,26.91,D
sh600887,伊利股份,09:37:06,26.92,8600,26.91,D
sh600887,伊利股份,09:37:21,26.91,7900,26.91,D
sh600887,伊利股份,09:37:24,26.92,9700,26.91,U
sh600887,伊利股份,09:37:27,26.92,11300,26.92,U
sh600887,伊利股份,09:37:48,26.89,62000,26.91,D
sh600887,伊利股份,09:37:51,26.89,31400,26.89,D
sh600887,伊利股份,09:37:54,26.9,11300,26.89,U
sh600887,伊利股份,09:37:57,26.89,18300,26.9,D
sh600887,伊利股份,09:38:00,26.89,62700,26.89,D
sh600887,伊利股份,09:38:03,26.88,160000,26.89,D
sh600887,伊利股份,09:38:06,26.86,96800,26.88,D
sh600887,伊利股份,09:38:09,26.87,42500,26.86,U
sh600887,伊利股份,09:38:12,26.85,83400,26.87,D
sh600887,伊利股份,09:38:15,26.85,73800,26.85,D
sh600887,伊利股份,09:38:18,26.85,62100,26.85,D
sh600887,伊利股份,09:38:21,26.85,111400,26.85,D
sh600887,伊利股份,09:38:24,26.83,154200,26.85,D
sh600887,伊利股份,09:38:27,26.83,50000,26.83,D
sh600887,伊利股份,09:38:30,26.82,24600,26.83,D
sh600887,伊利股份,09:38:33,26.83,34400,26.82,U
sh600887,伊利股份,09:38:36,26.82,41700,26.83,D
sh600887,伊利股份,09:38:39,26.82,18700,26.82,D
sh600887,伊利股份,09:38:42,26.82,19500,26.82,D
sh600887,伊利股份,09:38:57,26.83,10800,26.83,U
sh600887,伊利股份,09:39:06,26.84,37300,26.83,U
sh600887,伊利股份,09:39:09,26.83,9100,26.84,D
sh600887,伊利股份,09:39:15,26.83,15800,26.83,D
sh600887,伊利股份,09:39:30,26.84,11100,26.84,D
sh600887,伊利股份,09:40:00,26.87,9300,26.87,U
sh600887,伊利股份,09:40:03,26.86,13400,26.87,D
sh600887,伊利股份,09:40:09,26.86,25100,26.87,D
sh600887,伊利股份,09:40:12,26.85,32000,26.86,D
sh600887,伊利股份,09:40:21,26.85,7900,26.84,U
sh600887,伊利股份,09:40:30,26.85,16200,26.84,U
sh600887,伊利股份,09:40:33,26.84,12800,26.85,D
sh600887,伊利股份,09:40:36,26.84,20600,26.84,D
sh600887,伊利股份,09:41:12,26.85,18500,26.85,U
sh600887,伊利股份,09:41:27,26.84,71600,26.86,D
sh600887,伊利股份,09:41:42,26.85,8100,26.85,U
sh600887,伊利股份,09:41:45,26.85,11200,26.85,U
sh600887,伊利股份,09:42:12,26.86,8100,26.86,U
sh600887,伊利股份,09:42:18,26.85,35600,26.85,D
sh600887,伊利股份,09:42:27,26.85,13100,26.85,D
sh600887,伊利股份,09:42:42,26.85,8600,26.86,D
sh600887,伊利股份,09:42:45,26.86,12500,26.85,U
sh600887,伊利股份,09:42:54,26.86,10800,26.86,U
sh600887,伊利股份,09:42:57,26.85,24000,26.86,D
sh600887,伊利股份,09:43:00,26.86,20100,26.85,U
sh600887,伊利股份,09:43:03,26.86,14900,26.86,U
sh600887,伊利股份,09:43:12,26.86,24800,26.86,D
sh600887,伊利股份,09:43:15,26.86,24700,26.86,U
sh600887,伊利股份,09:43:18,26.88,10600,26.86,U
sh600887,伊利股份,09:43:21,26.86,8300,26.88,D
sh600887,伊利股份,09:43:48,26.88,10700,26.88,U
sh600887,伊利股份,09:43:51,26.87,7800,26.88,D
sh600887,伊利股份,09:43:57,26.87,11400,26.87,D
sh600887,伊利股份,09:44:00,26.87,11500,26.87,D
sh600887,伊利股份,09:44:15,26.86,8300,26.87,D
sh600887,伊利股份,09:44:18,26.87,12700,26.86,U
sh600887,伊利股份,09:44:21,26.87,25600,26.87,U
sh600887,伊利股份,09:44:33,26.87,10100,26.87,U
sh600887,伊利股份,09:45:06,26.87,9400,26.87,U
sh600887,伊利股份,09:45:09,26.86,9100,26.87,D
sh600887,伊利股份,09:45:12,26.86,32000,26.86,D
sh600887,伊利股份,09:45:15,26.86,33800,26.86,D
sh600887,伊利股份,09:45:18,26.85,24900,26.86,D
sh600887,伊利股份,09:45:24,26.86,8200,26.85,U
sh600887,伊利股份,09:45:42,26.86,15300,26.86,U
sh600887,伊利股份,09:45:57,26.86,8500,26.86,U
sh600887,伊利股份,09:46:00,26.85,20700,26.86,D
sh600887,伊利股份,09:46:06,26.86,18100,26.85,U
sh600887,伊利股份,09:46:09,26.86,10800,26.86,U
sh600887,伊利股份,09:46:12,26.85,15700,26.86,D
sh600887,伊利股份,09:46:15,26.86,22800,26.85,U
sh600887,伊利股份,09:46:21,26.85,16400,26.85,D
sh600887,伊利股份,09:46:24,26.86,48700,26.85,U
sh600887,伊利股份,09:46:27,26.85,22600,26.86,D
sh600887,伊利股份,09:47:03,26.84,11500,26.85,D
sh600887,伊利股份,09:47:06,26.87,70300,26.84,U
sh600887,伊利股份,09:47:09,26.87,9600,26.87,U
sh600887,伊利股份,09:47:42,26.86,8000,26.86,D
sh600887,伊利股份,09:47:54,26.86,8800,26.86,U
sh600887,伊利股份,09:47:57,26.86,8600,26.86,D
sh600887,伊利股份,09:48:06,26.87,10700,26.87,U
sh600887,伊利股份,09:48:27,26.86,12000,26.86,D
sh600887,伊利股份,09:48:39,26.87,34100,26.87,U
sh600887,伊利股份,09:48:45,26.87,8700,26.87,U
sh600887,伊利股份,09:48:48,26.87,13700,26.87,U
sh600887,伊利股份,09:49:03,26.86,16300,26.87,D
sh600887,伊利股份,09:49:06,26.87,10100,26.86,U
sh600887,伊利股份,09:49:15,26.86,9700,26.87,D
sh600887,伊利股份,09:49:33,26.85,8900,26.86,D
sh600887,伊利股份,09:49:36,26.86,44400,26.85,U
sh600887,伊利股份,09:49:39,26.86,13300,26.86,U
sh600887,伊利股份,09:49:48,26.86,8200,26.85,U
sh600887,伊利股份,09:50:18,26.86,7800,26.86,U
sh600887,伊利股份,09:50:30,26.86,30600,26.86,U
sh600887,伊利股份,09:50:54,26.86,30000,26.85,U
sh600887,伊利股份,09:51:03,26.85,55000,26.86,D
sh600887,伊利股份,09:51:39,26.87,7800,26.86,U
sh600887,伊利股份,09:52:06,26.87,7700,26.87,U
sh600887,伊利股份,09:52:21,26.87,80100,26.88,D
sh600887,伊利股份,09:52:27,26.87,9700,26.87,U
sh600887,伊利股份,09:53:24,26.87,14200,26.87,D
sh600887,伊利股份,09:54:03,26.88,14500,26.88,U
sh600887,伊利股份,09:54:30,26.89,14100,26.89,U
sh600887,伊利股份,09:54:33,26.89,9100,26.89,U
sh600887,伊利股份,09:54:36,26.88,13900,26.89,D
sh600887,伊利股份,09:54:51,26.89,20900,26.89,D
sh600887,伊利股份,09:54:54,26.89,14600,26.89,U
sh600887,伊利股份,09:54:57,26.88,21900,26.89,D
sh600887,伊利股份,09:55:00,26.89,9300,26.88,U
sh600887,伊利股份,09:55:09,26.88,7800,26.89,D
sh600887,伊利股份,09:55:12,26.89,10700,26.88,U
sh600887,伊利股份,09:56:09,26.89,7800,26.9,D
sh600887,伊利股份,09:56:12,26.9,9300,26.89,U
sh600887,伊利股份,09:56:15,26.9,10600,26.9,U
sh600887,伊利股份,09:57:39,26.9,30100,26.9,U
sh600887,伊利股份,09:58:03,26.91,13900,26.9,U
sh600887,伊利股份,09:58:06,26.91,9500,26.91,U
sh600887,伊利股份,09:58:09,26.9,8800,26.91,D
sh600887,伊利股份,09:59:00,26.93,32700,26.92,U
sh600887,伊利股份,09:59:09,26.93,13700,26.94,D
sh600887,伊利股份,09:59:27,26.94,19200,26.94,U
sh600887,伊利股份,09:59:30,26.95,31200,26.94,U
sh600887,伊利股份,09:59:36,26.94,15000,26.95,D
sh600887,伊利股份,09:59:51,26.95,34500,26.95,U
sh600887,伊利股份,10:00:03,26.96,13500,26.94,U
sh600887,伊利股份,10:00:06,26.97,8401,26.96,U
sh600887,伊利股份,10:00:30,26.98,17500,26.98,U
sh600887,伊利股份,10:00:33,26.99,51800,26.98,U
sh600887,伊利股份,10:00:36,26.98,11000,26.99,D
sh600887,伊利股份,10:00:39,26.99,13500,26.98,U
sh600887,伊利股份,10:00:42,26.99,10100,26.99,U
sh600887,伊利股份,10:00:48,26.98,7600,26.98,D
sh600887,伊利股份,10:01:03,26.98,48500,26.99,D
sh600887,伊利股份,10:01:06,26.98,13900,26.98,U
sh600887,伊利股份,10:01:09,26.97,22600,26.98,D
sh600887,伊利股份,10:01:18,26.97,8900,26.98,D
sh600887,伊利股份,10:01:24,26.98,9100,26.97,U
sh600887,伊利股份,10:01:42,26.97,7600,26.97,D
sh600887,伊利股份,10:01:45,26.97,12400,26.97,D
sh600887,伊利股份,10:01:51,26.97,31800,26.97,D
sh600887,伊利股份,10:01:54,26.97,47700,26.97,U
sh600887,伊利股份,10:02:03,26.98,8500,26.97,U
sh600887,伊利股份,10:02:12,26.98,80000,26.98,U
sh600887,伊利股份,10:02:15,27.0,48800,26.98,U
sh600887,伊利股份,10:02:18,27.0,9200,27.0,U
sh600887,伊利股份,10:02:33,27.0,13700,27.0,U
sh600887,伊利股份,10:02:36,27.0,7500,27.0,U
sh600887,伊利股份,10:02:42,27.0,18000,27.0,U
sh600887,伊利股份,10:02:45,26.99,7900,27.0,D
sh600887,伊利股份,10:02:51,26.98,70700,26.99,D
sh600887,伊利股份,10:02:54,26.98,15200,26.98,U
sh600887,伊利股份,10:03:21,26.99,11700,26.99,U
sh600887,伊利股份,10:03:27,26.99,16200,26.99,D
sh600887,伊利股份,10:03:30,26.99,11600,26.99,U
sh600887,伊利股份,10:03:42,27.0,8700,26.99,U
sh600887,伊利股份,10:03:51,26.99,30700,27.0,D
sh600887,伊利股份,10:04:03,26.99,12400,26.99,U
sh600887,伊利股份,10:04:06,26.99,8200,26.99,D
sh600887,伊利股份,10:04:09,26.99,17400,26.99,D
sh600887,伊利股份,10:04:15,26.99,9400,26.99,D
sh600887,伊利股份,10:04:18,27.0,7700,26.99,U
sh600887,伊利股份,10:04:21,27.0,15000,27.0,U
sh600887,伊利股份,10:04:24,27.01,10200,27.0,U
sh600887,伊利股份,10:04:36,27.0,10200,27.01,D
sh600887,伊利股份,10:04:39,27.01,11900,27.0,U
sh600887,伊利股份,10:04:48,27.01,12600,27.01,U
sh600887,伊利股份,10:05:03,27.02,29900,27.01,U
sh600887,伊利股份,10:05:06,27.02,28100,27.02,U
sh600887,伊利股份,10:05:12,27.03,29000,27.03,U
sh600887,伊利股份,10:05:15,27.04,8600,27.03,U
sh600887,伊利股份,10:05:24,27.05,8900,27.04,U
sh600887,伊利股份,10:05:27,27.04,18900,27.05,D
sh600887,伊利股份,10:05:30,27.04,10900,27.04,U
sh600887,伊利股份,10:05:33,27.03,8500,27.04,D
sh600887,伊利股份,10:05:39,27.04,8900,27.04,U
sh600887,伊利股份,10:05:45,27.04,16600,27.04,U
sh600887,伊利股份,10:05:51,27.03,59700,27.04,D
sh600887,伊利股份,10:06:00,27.04,33500,27.04,D
sh600887,伊利股份,10:06:09,27.04,77900,27.04,U
sh600887,伊利股份,10:06:12,27.04,10500,27.04,U
sh600887,伊利股份,10:06:15,27.04,31800,27.04,U
sh600887,伊利股份,10:06:21,27.03,104400,27.03,D
sh600887,伊利股份,10:06:24,27.03,52100,27.03,U
sh600887,伊利股份,10:06:27,27.02,10000,27.03,E
sh600887,伊利股份,10:06:30,27.02,15300,27.02,U
sh600887,伊利股份,10:06:45,27.02,7600,27.01,U
sh600887,伊利股份,10:07:00,27.01,14900,27.0,U
sh600887,伊利股份,10:07:03,27.01,11000,27.01,U
sh600887,伊利股份,10:07:09,27.0,9400,27.0,D
sh600887,伊利股份,10:07:12,27.01,12800,27.0,U
sh600887,伊利股份,10:07:15,27.0,20000,27.01,D
sh600887,伊利股份,10:07:30,27.02,10100,27.02,U
sh600887,伊利股份,10:07:36,27.02,30700,27.02,U
sh600887,伊利股份,10:07:39,27.02,50200,27.02,U
sh600887,伊利股份,10:07:45,27.02,22200,27.01,U
sh600887,伊利股份,10:08:09,27.01,9200,27.01,D
sh600887,伊利股份,10:08:15,27.02,9200,27.01,U
sh600887,伊利股份,10:08:42,27.01,9700,27.01,D
sh600887,伊利股份,10:08:45,27.01,10300,27.01,D
sh600887,伊利股份,10:08:51,27.01,8600,27.01,D
sh600887,伊利股份,10:09:00,27.0,8600,27.0,D
sh600887,伊利股份,10:09:06,27.01,10600,27.01,U
sh600887,伊利股份,10:09:12,27.0,7900,27.01,D
sh600887,伊利股份,10:09:15,27.0,12200,27.0,D
sh600887,伊利股份,10:09:21,27.0,16800,27.0,D
sh600887,伊利股份,10:09:36,27.0,49200,27.0,U
sh600887,伊利股份,10:09:54,26.99,10200,26.99,D
sh600887,伊利股份,10:10:00,26.98,12300,26.99,D
sh600887,伊利股份,10:10:06,27.0,69400,26.98,U
sh600887,伊利股份,10:10:09,27.01,45600,27.0,U
sh600887,伊利股份,10:10:18,27.02,22200,27.01,U
sh600887,伊利股份,10:10:33,27.01,10900,27.02,D
sh600887,伊利股份,10:10:36,27.02,8100,27.01,U
sh600887,伊利股份,10:10:51,27.01,19400,27.01,D
sh600887,伊利股份,10:11:03,27.0,27300,27.01,D
sh600887,伊利股份,10:11:06,27.0,11700,27.0,D
sh600887,伊利股份,10:11:15,27.0,8500,27.01,D
sh600887,伊利股份,10:11:27,27.0,7700,27.0,D
sh600887,伊利股份,10:11:45,27.0,7500,27.0,D
sh600887,伊利股份,10:12:06,27.0,9200,27.0,D
sh600887,伊利股份,10:12:12,27.01,8100,27.0,U
sh600887,伊利股份,10:12:18,27.0,8800,27.01,D
sh600887,伊利股份,10:12:24,27.0,7600,26.99,U
sh600887,伊利股份,10:12:33,26.98,23900,26.99,D
sh600887,伊利股份,10:12:45,26.99,10100,26.99,U
sh600887,伊利股份,10:12:54,27.0,70800,26.99,U
sh600887,伊利股份,10:12:57,27.01,34600,27.0,U
sh600887,伊利股份,10:13:00,27.01,18800,27.01,D
sh600887,伊利股份,10:13:18,27.0,14400,27.0,D
sh600887,伊利股份,10:13:27,27.0,7900,27.0,U
sh600887,伊利股份,10:13:39,27.0,8900,26.99,U
sh600887,伊利股份,10:14:00,26.98,11700,26.98,D
sh600887,伊利股份,10:14:06,27.0,9600,27.0,U
sh600887,伊利股份,10:14:18,26.99,11400,26.99,D
sh600887,伊利股份,10:15:45,27.0,9000,27.0,U
sh600887,伊利股份,10:16:42,27.0,8900,26.99,U
sh600887,伊利股份,10:16:48,26.99,12100,26.99,D
sh600887,伊利股份,10:17:15,26.99,25700,27.0,D
sh600887,伊利股份,10:17:18,26.99,10800,26.99,U
sh600887,伊利股份,10:17:42,26.98,22300,26.99,D
sh600887,伊利股份,10:17:54,26.98,24600,26.99,D
sh600887,伊利股份,10:17:57,26.99,14400,26.98,U
sh600887,伊利股份,10:19:21,26.96,8100,26.97,D
sh600887,伊利股份,10:20:06,26.97,10800,26.96,U
sh600887,伊利股份,10:20:42,26.96,10000,26.96,D
sh600887,伊利股份,10:21:09,26.96,21600,26.96,U
sh600887,伊利股份,10:21:15,26.97,19000,26.96,U
sh600887,伊利股份,10:21:48,26.97,13500,26.96,U
sh600887,伊利股份,10:23:18,26.97,35300,26.97,D
sh600887,伊利股份,10:24:27,26.96,7800,26.96,U
sh600887,伊利股份,10:24:45,26.96,17500,26.96,D
sh600887,伊利股份,10:25:12,26.96,13100,26.96,U
sh600887,伊利股份,10:25:33,26.96,8500,26.96,U
sh600887,伊利股份,10:25:51,26.96,9100,26.97,D
sh600887,伊利股份,10:26:36,26.97,21000,26.96,U
sh600887,伊利股份,10:27:00,26.98,7500,26.97,U
sh600887,伊利股份,10:27:24,26.97,8300,26.97,U
sh600887,伊利股份,10:27:51,26.97,12900,26.97,U
sh600887,伊利股份,10:28:27,26.98,7500,26.98,U
sh600887,伊利股份,10:28:39,26.98,23400,26.98,U
sh600887,伊利股份,10:29:06,26.98,9600,26.98,U
sh600887,伊利股份,10:30:18,26.97,32100,26.98,D
sh600887,伊利股份,10:31:06,26.96,41000,26.96,D
sh600887,伊利股份,10:31:12,26.95,8400,26.96,D
sh600887,伊利股份,10:32:03,26.95,14000,26.96,D
sh600887,伊利股份,10:32:06,26.95,100500,26.95,D
sh600887,伊利股份,10:32:09,26.95,15700,26.95,U
sh600887,伊利股份,10:32:18,26.93,23500,26.95,D
sh600887,伊利股份,10:32:33,26.93,12500,26.93,U
sh600887,伊利股份,10:33:24,26.94,10600,26.94,U
sh600887,伊利股份,10:33:33,26.92,10200,26.92,D
sh600887,伊利股份,10:34:45,26.94,7700,26.94,U
sh600887,伊利股份,10:35:06,26.94,8500,26.94,U
sh600887,伊利股份,10:35:12,26.93,10100,26.93,D
sh600887,伊利股份,10:35:21,26.94,9500,26.94,U
sh600887,伊利股份,10:36:36,26.93,33400,26.94,D
sh600887,伊利股份,10:37:30,26.92,24700,26.92,D
sh600887,伊利股份,10:37:33,26.92,12700,26.92,D
sh600887,伊利股份,10:38:27,26.93,15500,26.93,U
sh600887,伊利股份,10:38:30,26.93,20600,26.93,U
sh600887,伊利股份,10:38:39,26.93,7800,26.92,U
sh600887,伊利股份,10:39:42,26.93,8300,26.94,D
sh600887,伊利股份,10:40:42,26.93,11600,26.94,D
sh600887,伊利股份,10:41:00,26.94,9400,26.93,U
sh600887,伊利股份,10:41:51,26.95,7800,26.94,U
sh600887,伊利股份,10:42:06,26.95,9900,26.95,U
sh600887,伊利股份,10:42:12,26.95,16800,26.95,D
sh600887,伊利股份,10:42:57,26.96,8000,26.95,U
sh600887,伊利股份,10:43:36,26.97,41200,26.96,U
sh600887,伊利股份,10:43:48,26.98,30600,26.97,U
sh600887,伊利股份,10:43:54,26.97,29400,26.97,D
sh600887,伊利股份,10:45:42,26.97,11600,26.98,D
sh600887,伊利股份,10:45:51,26.97,7500,26.97,U
sh600887,伊利股份,10:46:15,26.98,23500,26.98,U
sh600887,伊利股份,10:46:36,26.98,18600,26.99,D
sh600887,伊利股份,10:47:54,26.99,10800,26.99,U
sh600887,伊利股份,10:48:03,26.99,8300,26.98,U
sh600887,伊利股份,10:48:42,26.99,9900,26.99,U
sh600887,伊利股份,10:50:06,26.99,22700,26.99,U
sh600887,伊利股份,10:51:12,26.98,13500,26.98,D
sh600887,伊利股份,10:51:15,26.98,12300,26.98,D
sh600887,伊利股份,10:51:24,26.97,9700,26.98,D
sh600887,伊利股份,10:53:09,26.98,22600,26.98,U
sh600887,伊利股份,10:54:18,26.98,17100,26.98,D
sh600887,伊利股份,10:54:30,26.98,8400,26.98,U
sh600887,伊利股份,10:55:24,26.98,11000,26.98,U
sh600887,伊利股份,10:56:30,26.98,9000,26.98,U
sh600887,伊利股份,10:58:15,26.97,8700,26.97,D
sh600887,伊利股份,10:59:00,26.97,7600,26.97,D
sh600887,伊利股份,10:59:18,26.97,9100,26.98,D
sh600887,伊利股份,10:59:57,26.98,8900,26.98,U
sh600887,伊利股份,11:00:09,26.96,32500,26.98,D
sh600887,伊利股份,11:00:54,26.97,10300,26.97,D
sh600887,伊利股份,11:01:15,26.97,9400,26.98,D
sh600887,伊利股份,11:02:27,26.97,20000,26.96,U
sh600887,伊利股份,11:02:42,26.96,19900,26.96,D
sh600887,伊利股份,11:03:30,26.96,11200,26.96,U
sh600887,伊利股份,11:04:18,26.95,12200,26.96,D
sh600887,伊利股份,11:05:06,26.96,7800,26.96,U
sh600887,伊利股份,11:05:18,26.96,32500,26.95,U
sh600887,伊利股份,11:05:21,26.96,12800,26.96,D
sh600887,伊利股份,11:05:27,26.97,15900,26.96,U
sh600887,伊利股份,11:05:39,26.97,10000,26.97,D
sh600887,伊利股份,11:06:03,26.98,19100,26.98,U
sh600887,伊利股份,11:06:09,27.0,44100,26.99,U
sh600887,伊利股份,11:07:06,27.0,124100,27.0,U
sh600887,伊利股份,11:07:09,27.02,7700,27.0,U
sh600887,伊利股份,11:07:12,27.02,8200,27.02,U
sh600887,伊利股份,11:07:30,27.01,44100,27.01,D
sh600887,伊利股份,11:07:57,27.01,16400,27.02,D
sh600887,伊利股份,11:08:00,27.03,60500,27.01,U
sh600887,伊利股份,11:08:03,27.03,32000,27.03,U
sh600887,伊利股份,11:08:21,27.03,45400,27.02,U
sh600887,伊利股份,11:08:24,27.03,12800,27.03,D
sh600887,伊利股份,11:08:33,27.02,8400,27.03,D
sh600887,伊利股份,11:08:54,27.03,25600,27.02,U
sh600887,伊利股份,11:09:09,27.02,16500,27.03,D
sh600887,伊利股份,11:09:18,27.02,9800,27.02,D
sh600887,伊利股份,11:09:57,27.01,11300,27.01,D
sh600887,伊利股份,11:10:03,27.01,9100,27.01,D
sh600887,伊利股份,11:10:06,27.01,15100,27.01,U
sh600887,伊利股份,11:10:18,27.01,32800,27.01,U
sh600887,伊利股份,11:10:21,27.01,8300,27.01,U
sh600887,伊利股份,11:10:48,27.0,9500,27.01,D
sh600887,伊利股份,11:11:03,27.0,9200,27.01,D
sh600887,伊利股份,11:11:12,27.02,7500,27.01,U
sh600887,伊利股份,11:11:42,27.0,45200,27.0,D
sh600887,伊利股份,11:11:48,27.0,8300,26.99,U
sh600887,伊利股份,11:12:42,27.0,36000,27.0,U
sh600887,伊利股份,11:12:48,27.0,38200,27.0,D
sh600887,伊利股份,11:13:03,27.0,22200,27.0,U
sh600887,伊利股份,11:13:54,26.99,11300,27.0,D
sh600887,伊利股份,11:14:45,27.0,25500,26.99,U
sh600887,伊利股份,11:15:00,27.01,85300,26.99,U
sh600887,伊利股份,11:15:09,27.01,59100,27.0,U
sh600887,伊利股份,11:15:12,27.02,15900,27.01,U
sh600887,伊利股份,11:15:18,27.02,17000,27.01,U
sh600887,伊利股份,11:15:24,27.02,204000,27.01,U
sh600887,伊利股份,11:15:27,27.04,12100,27.02,U
sh600887,伊利股份,11:15:30,27.04,57300,27.04,U
sh600887,伊利股份,11:15:33,27.05,8900,27.04,U
sh600887,伊利股份,11:15:39,27.04,29700,27.04,D
sh600887,伊利股份,11:15:42,27.04,14900,27.04,D
sh600887,伊利股份,11:15:48,27.04,21100,27.04,U
sh600887,伊利股份,11:16:12,27.03,10500,27.03,U
sh600887,伊利股份,11:16:18,27.02,10400,27.02,D
sh600887,伊利股份,11:16:21,27.03,12300,27.02,D
sh600887,伊利股份,11:16:27,27.03,8300,27.02,U
sh600887,伊利股份,11:16:36,27.03,8200,27.04,D
sh600887,伊利股份,11:16:42,27.03,29800,27.03,D
sh600887,伊利股份,11:16:51,27.02,9800,27.03,D
sh600887,伊利股份,11:17:18,27.02,12000,27.02,D
sh600887,伊利股份,11:19:03,27.01,14000,27.01,U
sh600887,伊利股份,11:20:18,27.0,9200,27.0,D
sh600887,伊利股份,11:21:09,27.0,13500,27.0,D
sh600887,伊利股份,11:21:36,27.0,9300,27.0,D
sh600887,伊利股份,11:21:42,27.0,15300,27.0,D
sh600887,伊利股份,11:22:27,26.99,11600,26.99,D
sh600887,伊利股份,11:22:45,26.99,7500,27.0,D
sh600887,伊利股份,11:22:54,26.99,13700,26.99,D
sh600887,伊利股份,11:23:00,26.98,10300,26.99,D
sh600887,伊利股份,11:23:03,26.98,15700,26.98,D
sh600887,伊利股份,11:24:03,26.99,10700,26.99,U
sh600887,伊利股份,11:24:42,26.98,27300,26.98,D
sh600887,伊利股份,11:25:36,26.98,21300,26.98,D
sh600887,伊利股份,11:25:48,26.99,45100,26.98,U
sh600887,伊利股份,11:26:30,26.99,10000,27.0,D
sh600887,伊利股份,11:27:09,26.99,17400,26.99,D
sh600887,伊利股份,11:27:18,26.99,17500,26.99,D
sh600887,伊利股份,11:27:30,27.0,10700,26.99,U
sh600887,伊利股份,11:27:36,26.97,7800,26.98,D
sh600887,伊利股份,11:28:18,26.97,19800,26.97,D
sh600887,伊利股份,11:28:45,26.97,18900,26.97,D
sh600887,伊利股份,11:29:18,26.97,11100,26.97,D
sh600887,伊利股份,13:00:03,26.98,21100,26.96,U
sh600887,伊利股份,13:00:06,26.97,58300,26.98,D
sh600887,伊利股份,13:00:09,26.97,61700,26.97,U
sh600887,伊利股份,13:00:12,26.96,29300,26.97,D
sh600887,伊利股份,13:00:15,26.97,10200,26.96,U
sh600887,伊利股份,13:00:18,26.95,27500,26.97,D
sh600887,伊利股份,13:00:21,26.96,8900,26.95,U
sh600887,伊利股份,13:00:24,26.96,8000,26.96,D
sh600887,伊利股份,13:00:30,26.96,10200,26.96,D
sh600887,伊利股份,13:00:48,26.96,11000,26.96,D
sh600887,伊利股份,13:00:54,26.95,11700,26.96,D
sh600887,伊利股份,13:01:09,26.95,12100,26.96,D
sh600887,伊利股份,13:02:33,26.96,21900,26.96,D
sh600887,伊利股份,13:02:42,26.97,8000,26.97,U
sh600887,伊利股份,13:02:48,26.97,10000,26.97,U
sh600887,伊利股份,13:02:51,26.97,9900,26.97,U
sh600887,伊利股份,13:03:42,26.97,23100,26.98,D
sh600887,伊利股份,13:03:48,26.96,11400,26.96,D
sh600887,伊利股份,13:05:33,26.98,49700,26.97,U
sh600887,伊利股份,13:05:45,26.99,16700,26.99,U
sh600887,伊利股份,13:05:54,26.99,8500,26.98,U
sh600887,伊利股份,13:06:03,26.99,7900,26.99,U
sh600887,伊利股份,13:06:15,26.99,13600,26.99,D
sh600887,伊利股份,13:07:21,27.0,11100,27.0,U
sh600887,伊利股份,13:08:03,26.99,9300,27.0,D
sh600887,伊利股份,13:08:06,26.99,7900,26.99,D
sh600887,伊利股份,13:08:12,26.99,8100,26.99,D
sh600887,伊利股份,13:08:15,26.99,8500,26.99,D
sh600887,伊利股份,13:08:21,26.99,12000,26.99,D
sh600887,伊利股份,13:09:36,26.98,13200,26.98,D
sh600887,伊利股份,13:09:39,26.98,11600,26.98,D
sh600887,伊利股份,13:09:42,26.99,11600,26.98,U
sh600887,伊利股份,13:09:51,26.98,14600,26.98,D
sh600887,伊利股份,13:10:06,26.97,17000,26.97,D
sh600887,伊利股份,13:10:15,26.96,16000,26.96,D
sh600887,伊利股份,13:10:30,26.95,9700,26.95,D
sh600887,伊利股份,13:10:54,26.95,12300,26.95,D
sh600887,伊利股份,13:11:03,26.95,15500,26.95,D
sh600887,伊利股份,13:11:21,26.96,28100,26.95,U
sh600887,伊利股份,13:11:54,26.96,12400,26.96,D
sh600887,伊利股份,13:12:30,26.96,10400,26.96,D
sh600887,伊利股份,13:12:54,26.96,20300,26.96,D
sh600887,伊利股份,13:13:00,26.96,8600,26.95,U
sh600887,伊利股份,13:15:39,26.96,14000,26.96,U
sh600887,伊利股份,13:15:42,26.97,9000,26.96,U
sh600887,伊利股份,13:15:51,26.97,11600,26.97,U
sh600887,伊利股份,13:16:06,26.96,9400,26.96,D
sh600887,伊利股份,13:16:12,26.96,10500,26.96,D
sh600887,伊利股份,13:17:12,26.97,10500,26.97,U
sh600887,伊利股份,13:17:30,26.98,8800,26.98,U
sh600887,伊利股份,13:18:33,26.97,53800,26.97,D
sh600887,伊利股份,13:18:39,26.97,12500,26.97,U
sh600887,伊利股份,13:18:42,26.97,19200,26.97,U
sh600887,伊利股份,13:18:45,26.97,7900,26.97,U
sh600887,伊利股份,13:19:24,26.98,28700,26.98,U
sh600887,伊利股份,13:20:06,26.99,27700,26.98,U
sh600887,伊利股份,13:20:15,26.98,16000,26.98,D
sh600887,伊利股份,13:20:21,26.98,7600,26.98,U
sh600887,伊利股份,13:20:36,26.99,23900,26.98,U
sh600887,伊利股份,13:20:42,26.99,10800,26.99,U
sh600887,伊利股份,13:20:51,26.99,11100,26.99,U
sh600887,伊利股份,13:21:03,26.99,18800,26.99,D
sh600887,伊利股份,13:21:27,27.01,269800,26.99,U
sh600887,伊利股份,13:21:30,27.02,40100,27.01,U
sh600887,伊利股份,13:21:33,27.02,34700,27.02,U
sh600887,伊利股份,13:21:36,27.02,54200,27.02,D
sh600887,伊利股份,13:21:42,27.02,14500,27.02,U
sh600887,伊利股份,13:21:45,27.02,7700,27.02,U
sh600887,伊利股份,13:21:51,27.02,8000,27.01,U
sh600887,伊利股份,13:21:54,27.01,7600,27.02,D
sh600887,伊利股份,13:22:00,27.01,18800,27.01,U
sh600887,伊利股份,13:22:06,27.01,18100,27.01,U
sh600887,伊利股份,13:22:12,27.01,7600,27.01,D
sh600887,伊利股份,13:22:15,27.01,17400,27.01,D
sh600887,伊利股份,13:22:21,27.01,7600,27.01,U
sh600887,伊利股份,13:22:36,27.0,11400,27.01,D
sh600887,伊利股份,13:22:48,26.99,14100,26.99,D
sh600887,伊利股份,13:23:30,26.98,23400,26.99,D
sh600887,伊利股份,13:23:42,26.99,46000,26.98,U
sh600887,伊利股份,13:23:57,26.98,62600,26.99,D
sh600887,伊利股份,13:24:06,26.99,7500,26.98,U
sh600887,伊利股份,13:24:18,26.98,8600,26.98,U
sh600887,伊利股份,13:25:54,26.99,20500,26.99,U
sh600887,伊利股份,13:26:12,26.98,30000,26.99,D
sh600887,伊利股份,13:26:54,26.97,14500,26.97,D
sh600887,伊利股份,13:27:12,26.96,18300,26.97,D
sh600887,伊利股份,13:27:18,26.99,101400,26.98,U
sh600887,伊利股份,13:27:21,26.97,30600,26.99,D
sh600887,伊利股份,13:27:27,27.01,8500,26.98,U
sh600887,伊利股份,13:28:21,27.0,9700,26.99,U
sh600887,伊利股份,13:28:30,27.0,53000,27.0,D
sh600887,伊利股份,13:28:36,27.02,9100,27.0,U
sh600887,伊利股份,13:29:42,27.0,8400,27.01,D
sh600887,伊利股份,13:29:48,26.99,12800,26.99,D
sh600887,伊利股份,13:29:57,26.99,19100,26.99,D
sh600887,伊利股份,13:30:06,26.99,15500,27.0,D
sh600887,伊利股份,13:30:18,27.0,15400,27.0,D
sh600887,伊利股份,13:30:27,27.0,9900,27.0,D
sh600887,伊利股份,13:30:39,26.98,16100,26.99,D
sh600887,伊利股份,13:30:48,26.98,7600,26.99,D
sh600887,伊利股份,13:30:57,26.98,13800,26.99,D
sh600887,伊利股份,13:31:03,26.98,25200,26.98,D
sh600887,伊利股份,13:31:06,26.98,41200,26.98,D
sh600887,伊利股份,13:31:09,26.97,14000,26.98,D
sh600887,伊利股份,13:31:15,26.98,9200,26.98,D
sh600887,伊利股份,13:31:33,26.97,13300,26.97,D
sh600887,伊利股份,13:31:45,26.98,13300,26.97,U
sh600887,伊利股份,13:31:48,26.97,14500,26.98,D
sh600887,伊利股份,13:31:57,26.97,14300,26.98,D
sh600887,伊利股份,13:32:06,26.97,16600,26.97,D
sh600887,伊利股份,13:32:09,26.98,11500,26.97,E
sh600887,伊利股份,13:32:12,26.97,17100,26.98,D
sh600887,伊利股份,13:32:18,26.97,14500,26.97,D
sh600887,伊利股份,13:32:27,26.97,15200,26.98,D
sh600887,伊利股份,13:32:36,26.97,10100,26.97,D
sh600887,伊利股份,13:32:39,26.97,23800,26.97,D
sh600887,伊利股份,13:32:48,26.96,13700,26.96,D
sh600887,伊利股份,13:32:57,26.96,9500,26.96,D
sh600887,伊利股份,13:33:09,26.96,11100,26.96,D
sh600887,伊利股份,13:33:15,26.96,25300,26.96,D
sh600887,伊利股份,13:33:18,26.95,12300,26.96,D
sh600887,伊利股份,13:33:39,26.95,11800,26.95,D
sh600887,伊利股份,13:33:48,26.95,28700,26.95,D
sh600887,伊利股份,13:34:09,26.94,29200,26.94,D
sh600887,伊利股份,13:34:18,26.95,13500,26.95,U
sh600887,伊利股份,13:34:27,26.94,12100,26.95,D
sh600887,伊利股份,13:34:39,26.94,12300,26.94,D
sh600887,伊利股份,13:34:42,26.95,19400,26.94,U
sh600887,伊利股份,13:34:48,26.94,17300,26.96,D
sh600887,伊利股份,13:35:06,26.94,8300,26.95,D
sh600887,伊利股份,13:35:09,26.94,14900,26.94,D
sh600887,伊利股份,13:35:18,26.94,14800,26.94,D
sh600887,伊利股份,13:35:39,26.94,14200,26.93,U
sh600887,伊利股份,13:35:48,26.94,15000,26.94,D
sh600887,伊利股份,13:35:57,26.94,21100,26.95,D
sh600887,伊利股份,13:36:00,26.94,9500,26.94,D
sh600887,伊利股份,13:36:09,26.94,16800,26.94,D
sh600887,伊利股份,13:36:18,26.94,15300,26.95,D
sh600887,伊利股份,13:36:30,26.94,10400,26.94,D
sh600887,伊利股份,13:36:54,26.93,12600,26.93,D
sh600887,伊利股份,13:37:00,26.93,8300,26.93,D
sh600887,伊利股份,13:37:03,26.95,16300,26.93,U
sh600887,伊利股份,13:37:12,26.94,9000,26.94,U
sh600887,伊利股份,13:37:21,26.95,39000,26.94,U
sh600887,伊利股份,13:37:24,26.95,16800,26.95,D
sh600887,伊利股份,13:37:30,26.95,9700,26.95,D
sh600887,伊利股份,13:37:39,26.95,13600,26.95,D
sh600887,伊利股份,13:37:42,26.95,19900,26.95,D
sh600887,伊利股份,13:37:48,26.94,11500,26.95,D
sh600887,伊利股份,13:37:57,26.94,13900,26.94,D
sh600887,伊利股份,13:38:00,26.94,12300,26.94,D
sh600887,伊利股份,13:38:09,26.94,15200,26.94,D
sh600887,伊利股份,13:38:18,26.94,19200,26.94,D
sh600887,伊利股份,13:38:21,26.94,22100,26.94,D
sh600887,伊利股份,13:38:30,26.94,9300,26.94,U
sh600887,伊利股份,13:38:39,26.93,16900,26.93,D
sh600887,伊利股份,13:40:09,26.94,9500,26.94,D
sh600887,伊利股份,13:40:27,26.94,7500,26.93,U
sh600887,伊利股份,13:40:51,26.94,138000,26.94,D
sh600887,伊利股份,13:41:03,26.94,10000,26.94,U
sh600887,伊利股份,13:41:39,26.95,54600,26.95,U
sh600887,伊利股份,13:42:03,26.96,10200,26.96,U
sh600887,伊利股份,13:42:30,26.96,10400,26.96,D
sh600887,伊利股份,13:43:30,26.96,7800,26.96,D
sh600887,伊利股份,13:44:48,26.95,58200,26.96,D
sh600887,伊利股份,13:45:00,26.94,10300,26.94,D
sh600887,伊利股份,13:45:27,26.96,68400,26.95,U
sh600887,伊利股份,13:45:33,26.95,10100,26.96,D
sh600887,伊利股份,13:46:45,26.95,8000,26.95,D
sh600887,伊利股份,13:47:33,26.96,8500,26.95,U
sh600887,伊利股份,13:47:36,26.95,10400,26.96,D
sh600887,伊利股份,13:47:48,26.95,8200,26.95,U
sh600887,伊利股份,13:51:24,26.95,9000,26.95,D
sh600887,伊利股份,13:52:24,26.95,10300,26.95,D
sh600887,伊利股份,13:52:33,26.94,11200,26.95,D
sh600887,伊利股份,13:53:24,26.95,12100,26.95,U
sh600887,伊利股份,13:56:12,26.95,14600,26.96,D
sh600887,伊利股份,13:56:15,26.95,7600,26.95,D
sh600887,伊利股份,13:58:00,26.95,25900,26.96,D
sh600887,伊利股份,13:58:36,26.96,36000,26.95,U
sh600887,伊利股份,14:00:27,26.95,46200,26.94,U
sh600887,伊利股份,14:00:30,26.95,15000,26.95,U
sh600887,伊利股份,14:00:33,26.94,8600,26.95,D
sh600887,伊利股份,14:00:36,26.95,8600,26.94,U
sh600887,伊利股份,14:01:06,26.95,15600,26.95,D
sh600887,伊利股份,14:02:12,26.95,23400,26.95,D
sh600887,伊利股份,14:02:33,26.96,7500,26.95,U
sh600887,伊利股份,14:03:15,26.95,8600,26.96,D
sh600887,伊利股份,14:04:51,26.96,8600,26.96,U
sh600887,伊利股份,14:04:57,26.96,15300,26.96,U
sh600887,伊利股份,14:05:00,26.96,11500,26.96,U
sh600887,伊利股份,14:05:06,26.96,35100,26.96,U
sh600887,伊利股份,14:05:15,26.97,31700,26.96,U
sh600887,伊利股份,14:05:30,26.96,12200,26.97,D
sh600887,伊利股份,14:06:24,26.97,8200,26.97,U
sh600887,伊利股份,14:06:27,26.96,25500,26.97,D
sh600887,伊利股份,14:08:03,26.96,17200,26.95,U
sh600887,伊利股份,14:08:33,26.95,11600,26.96,D
sh600887,伊利股份,14:09:03,26.96,16200,26.96,U
sh600887,伊利股份,14:11:39,26.95,102100,26.97,D
sh600887,伊利股份,14:11:54,26.95,100400,26.96,D
sh600887,伊利股份,14:12:12,26.94,116400,26.95,D
sh600887,伊利股份,14:12:18,26.95,9500,26.95,U
sh600887,伊利股份,14:12:27,26.95,12700,26.95,U
sh600887,伊利股份,14:12:30,26.94,105200,26.95,D
sh600887,伊利股份,14:13:06,26.94,204200,26.95,D
sh600887,伊利股份,14:13:24,26.94,15600,26.94,U
sh600887,伊利股份,14:14:09,26.94,12000,26.94,D
sh600887,伊利股份,14:14:18,26.94,147900,26.94,D
sh600887,伊利股份,14:14:21,26.95,11200,26.94,U
sh600887,伊利股份,14:14:39,26.93,14000,26.93,D
sh600887,伊利股份,14:15:09,26.95,7700,26.95,U
sh600887,伊利股份,14:16:03,26.95,33400,26.95,U
sh600887,伊利股份,14:16:12,26.94,12000,26.94,D
sh600887,伊利股份,14:16:15,26.94,8700,26.94,D
sh600887,伊利股份,14:16:24,26.94,18700,26.95,D
sh600887,伊利股份,14:16:36,26.94,10900,26.94,U
sh600887,伊利股份,14:16:42,26.93,8700,26.93,D
sh600887,伊利股份,14:16:45,26.93,267917,26.93,D
sh600887,伊利股份,14:17:09,26.93,10900,26.93,D
sh600887,伊利股份,14:17:18,26.93,7800,26.94,D
sh600887,伊利股份,14:17:21,26.93,12100,26.93,D
sh600887,伊利股份,14:17:24,26.93,9100,26.93,D
sh600887,伊利股份,14:17:27,26.94,10500,26.93,U
sh600887,伊利股份,14:18:09,26.94,10000,26.93,U
sh600887,伊利股份,14:18:12,26.94,18200,26.94,U
sh600887,伊利股份,14:18:15,26.94,15800,26.94,U
sh600887,伊利股份,14:18:18,26.96,277800,26.94,U
sh600887,伊利股份,14:18:57,26.96,23500,26.96,D
sh600887,伊利股份,14:19:06,26.96,8100,26.96,U
sh600887,伊利股份,14:19:09,26.95,8600,26.96,D
sh600887,伊利股份,14:19:15,26.95,28500,26.96,D
sh600887,伊利股份,14:20:03,26.96,335392,26.95,U
sh600887,伊利股份,14:20:12,26.96,13000,26.96,U
sh600887,伊利股份,14:20:15,26.96,65500,26.96,U
sh600887,伊利股份,14:20:18,26.97,234700,26.96,U
sh600887,伊利股份,14:20:21,26.97,15900,26.97,U
sh600887,伊利股份,14:20:48,26.97,11500,26.98,D
sh600887,伊利股份,14:21:09,26.97,12000,26.98,D
sh600887,伊利股份,14:21:24,26.97,8400,26.96,U
sh600887,伊利股份,14:21:45,26.98,22600,26.98,U
sh600887,伊利股份,14:21:51,26.98,11100,26.97,U
sh600887,伊利股份,14:21:57,26.98,10100,26.98,U
sh600887,伊利股份,14:22:15,26.99,10700,26.98,U
sh600887,伊利股份,14:22:33,26.99,32000,26.99,U
sh600887,伊利股份,14:23:03,26.99,20600,26.99,U
sh600887,伊利股份,14:23:06,26.99,27000,26.99,U
sh600887,伊利股份,14:24:03,27.0,8300,27.0,U
sh600887,伊利股份,14:24:12,26.99,33800,27.0,D
sh600887,伊利股份,14:24:15,27.0,11500,26.99,U
sh600887,伊利股份,14:24:18,26.99,10000,27.0,D
sh600887,伊利股份,14:24:36,26.99,66600,27.0,D
sh600887,伊利股份,14:24:42,27.0,22100,26.98,U
sh600887,伊利股份,14:25:06,27.01,11100,27.01,U
sh600887,伊利股份,14:25:36,27.0,76300,27.0,D
sh600887,伊利股份,14:26:00,27.01,12500,27.0,U
sh600887,伊利股份,14:26:36,27.0,8000,27.0,D
sh600887,伊利股份,14:26:51,27.0,72400,27.0,D
sh600887,伊利股份,14:26:54,27.0,10200,27.0,U
sh600887,伊利股份,14:26:57,26.99,13700,27.0,U
sh600887,伊利股份,14:27:06,26.98,10100,26.99,D
sh600887,伊利股份,14:27:12,27.0,61900,26.98,U
sh600887,伊利股份,14:27:15,26.99,15400,27.0,U
sh600887,伊利股份,14:27:21,27.0,29300,26.98,U
sh600887,伊利股份,14:27:24,27.0,10800,27.0,D
sh600887,伊利股份,14:27:27,26.97,21500,27.0,D
sh600887,伊利股份,14:27:33,27.0,24000,27.0,U
sh600887,伊利股份,14:27:39,27.0,42100,27.0,D
sh600887,伊利股份,14:27:42,27.0,20000,27.0,U
sh600887,伊利股份,14:28:36,26.98,66600,26.97,U
sh600887,伊利股份,14:28:51,26.99,12900,26.98,U
sh600887,伊利股份,14:29:00,27.0,21200,26.98,U
sh600887,伊利股份,14:29:09,27.01,14800,27.0,U
sh600887,伊利股份,14:29:36,27.01,10600,27.0,U
sh600887,伊利股份,14:29:42,27.01,28800,27.0,U
sh600887,伊利股份,14:30:27,27.0,7700,27.0,D
sh600887,伊利股份,14:30:30,27.0,8600,27.0,D
sh600887,伊利股份,14:30:54,27.0,30000,26.99,U
sh600887,伊利股份,14:30:57,27.01,11800,27.0,U
sh600887,伊利股份,14:31:00,27.0,10900,27.01,D
sh600887,伊利股份,14:31:33,26.99,9100,27.0,D
sh600887,伊利股份,14:32:42,27.0,11000,26.99,U
sh600887,伊利股份,14:32:45,26.99,16300,27.0,D
sh600887,伊利股份,14:33:09,26.99,11200,26.98,U
sh600887,伊利股份,14:33:24,26.99,46200,26.99,U
sh600887,伊利股份,14:33:39,27.0,10800,26.99,U
sh600887,伊利股份,14:33:48,27.0,8800,26.99,U
sh600887,伊利股份,14:34:33,26.98,34000,26.99,D
sh600887,伊利股份,14:34:36,26.98,11300,26.98,D
sh600887,伊利股份,14:34:39,26.98,10700,26.98,D
sh600887,伊利股份,14:35:03,26.98,9600,26.98,D
sh600887,伊利股份,14:35:21,26.99,18500,26.99,U
sh600887,伊利股份,14:36:03,26.98,20700,26.99,D
sh600887,伊利股份,14:36:06,27.0,55400,26.98,U
sh600887,伊利股份,14:36:12,26.98,8500,26.99,D
sh600887,伊利股份,14:36:15,26.99,18600,26.98,U
sh600887,伊利股份,14:36:30,27.0,13300,26.99,U
sh600887,伊利股份,14:36:33,26.99,8400,27.0,D
sh600887,伊利股份,14:36:42,26.98,24900,26.99,D
sh600887,伊利股份,14:36:54,26.98,7700,26.98,D
sh600887,伊利股份,14:37:33,26.99,25800,26.99,D
sh600887,伊利股份,14:37:57,27.0,188600,26.99,U
sh600887,伊利股份,14:38:21,27.0,10100,27.01,D
sh600887,伊利股份,14:38:24,27.01,26400,27.0,U
sh600887,伊利股份,14:38:33,27.01,42400,27.01,U
sh600887,伊利股份,14:38:36,27.02,21100,27.01,U
sh600887,伊利股份,14:38:39,27.01,35500,27.02,D
sh600887,伊利股份,14:38:45,27.01,17900,27.02,D
sh600887,伊利股份,14:38:51,27.02,22700,27.02,U
sh600887,伊利股份,14:38:54,27.02,8900,27.02,D
sh600887,伊利股份,14:38:57,27.02,17600,27.02,D
sh600887,伊利股份,14:39:12,27.03,7800,27.02,U
sh600887,伊利股份,14:39:18,27.02,8100,27.03,D
sh600887,伊利股份,14:39:21,27.02,8500,27.02,D
sh600887,伊利股份,14:39:36,27.02,14100,27.02,D
sh600887,伊利股份,14:39:54,27.02,8300,27.03,D
sh600887,伊利股份,14:40:06,27.02,131000,27.02,D
sh600887,伊利股份,14:40:09,27.02,10000,27.02,D
sh600887,伊利股份,14:40:18,27.03,10400,27.03,U
sh600887,伊利股份,14:40:24,27.03,30000,27.03,D
sh600887,伊利股份,14:40:27,27.03,7600,27.03,D
sh600887,伊利股份,14:40:30,27.04,119200,27.03,U
sh600887,伊利股份,14:40:42,27.02,19000,27.04,D
sh600887,伊利股份,14:40:45,27.05,10900,27.02,U
sh600887,伊利股份,14:40:51,27.04,16100,27.05,D
sh600887,伊利股份,14:40:54,27.04,38600,27.04,U
sh600887,伊利股份,14:40:57,27.05,35800,27.04,U
sh600887,伊利股份,14:41:00,27.05,9500,27.05,U
sh600887,伊利股份,14:41:03,27.03,7700,27.05,D
sh600887,伊利股份,14:41:06,27.04,18900,27.03,D
sh600887,伊利股份,14:41:12,27.04,12800,27.04,U
sh600887,伊利股份,14:41:18,27.04,36000,27.05,D
sh600887,伊利股份,14:41:21,27.05,15200,27.04,U
sh600887,伊利股份,14:41:42,27.02,7500,27.02,D
sh600887,伊利股份,14:41:48,27.03,13700,27.04,D
sh600887,伊利股份,14:41:51,27.04,8500,27.03,U
sh600887,伊利股份,14:41:57,27.05,27100,27.04,U
sh600887,伊利股份,14:42:15,27.05,8900,27.05,U
sh600887,伊利股份,14:42:18,27.05,21400,27.05,U
sh600887,伊利股份,14:42:21,27.05,116500,27.05,U
sh600887,伊利股份,14:42:24,27.05,59100,27.05,U
sh600887,伊利股份,14:42:33,27.05,18200,27.04,U
sh600887,伊利股份,14:42:39,27.05,128700,27.04,U
sh600887,伊利股份,14:42:42,27.05,40600,27.05,U
sh600887,伊利股份,14:42:45,27.05,21500,27.05,D
sh600887,伊利股份,14:42:54,27.05,60600,27.04,U
sh600887,伊利股份,14:42:57,27.06,11000,27.05,U
sh600887,伊利股份,14:43:00,27.06,18200,27.06,D
sh600887,伊利股份,14:43:03,27.07,26700,27.06,U
sh600887,伊利股份,14:43:06,27.05,18000,27.07,D
sh600887,伊利股份,14:43:09,27.07,35000,27.05,U
sh600887,伊利股份,14:43:12,27.07,15300,27.07,U
sh600887,伊利股份,14:43:18,27.08,12300,27.07,U
sh600887,伊利股份,14:43:21,27.07,9100,27.08,D
sh600887,伊利股份,14:43:27,27.08,55700,27.07,U
sh600887,伊利股份,14:43:30,27.08,43500,27.08,U
sh600887,伊利股份,14:43:33,27.08,18500,27.08,U
sh600887,伊利股份,14:43:36,27.08,11600,27.08,U
sh600887,伊利股份,14:43:39,27.06,20600,27.08,D
sh600887,伊利股份,14:43:42,27.08,11900,27.06,U
sh600887,伊利股份,14:43:45,27.08,104600,27.08,U
sh600887,伊利股份,14:43:48,27.08,42600,27.08,D
sh600887,伊利股份,14:43:51,27.06,7400,27.08,D
sh600887,伊利股份,14:43:57,27.09,72800,27.09,U
sh600887,伊利股份,14:44:00,27.1,57100,27.09,U
sh600887,伊利股份,14:44:03,27.1,11800,27.1,U
sh600887,伊利股份,14:44:06,27.06,29500,27.1,D
sh600887,伊利股份,14:44:09,27.09,20500,27.06,U
sh600887,伊利股份,14:44:12,27.09,55000,27.09,U
sh600887,伊利股份,14:44:15,27.08,32900,27.09,D
sh600887,伊利股份,14:44:18,27.08,32400,27.08,D
sh600887,伊利股份,14:44:21,27.09,23600,27.08,U
sh600887,伊利股份,14:44:27,27.09,16900,27.08,U
sh600887,伊利股份,14:44:33,27.08,9400,27.08,U
sh600887,伊利股份,14:44:36,27.09,39999,27.08,U
sh600887,伊利股份,14:44:39,27.09,11400,27.09,E
sh600887,伊利股份,14:44:42,27.1,18500,27.09,U
sh600887,伊利股份,14:44:45,27.1,15300,27.1,U
sh600887,伊利股份,14:44:48,27.1,22800,27.1,U
sh600887,伊利股份,14:44:51,27.1,162000,27.1,U
sh600887,伊利股份,14:44:54,27.11,41000,27.1,U
sh600887,伊利股份,14:44:57,27.11,12800,27.11,D
sh600887,伊利股份,14:45:00,27.12,28600,27.11,U
sh600887,伊利股份,14:45:03,27.13,46200,27.12,U
sh600887,伊利股份,14:45:06,27.14,40000,27.13,U
sh600887,伊利股份,14:45:09,27.14,56800,27.14,U
sh600887,伊利股份,14:45:12,27.15,19900,27.14,U
sh600887,伊利股份,14:45:15,27.15,31700,27.15,U
sh600887,伊利股份,14:45:18,27.14,29100,27.15,D
sh600887,伊利股份,14:45:21,27.13,15900,27.14,D
sh600887,伊利股份,14:45:27,27.14,15600,27.14,U
sh600887,伊利股份,14:45:30,27.13,11600,27.14,D
sh600887,伊利股份,14:45:33,27.15,33600,27.13,U
sh600887,伊利股份,14:45:36,27.15,140694,27.15,U
sh600887,伊利股份,14:45:39,27.15,62100,27.15,D
sh600887,伊利股份,14:45:42,27.16,16200,27.15,U
sh600887,伊利股份,14:45:45,27.17,24500,27.16,U
sh600887,伊利股份,14:45:48,27.17,24800,27.17,U
sh600887,伊利股份,14:45:51,27.18,26200,27.17,U
sh600887,伊利股份,14:45:54,27.17,181700,27.18,D
sh600887,伊利股份,14:45:57,27.18,10300,27.17,D
sh600887,伊利股份,14:46:00,27.18,43100,27.18,D
sh600887,伊利股份,14:46:03,27.18,15500,27.18,U
sh600887,伊利股份,14:46:06,27.18,148300,27.18,U
sh600887,伊利股份,14:46:09,27.16,46400,27.18,D
sh600887,伊利股份,14:46:12,27.17,16800,27.16,D
sh600887,伊利股份,14:46:15,27.17,28000,27.17,U
sh600887,伊利股份,14:46:18,27.16,45500,27.17,D
sh600887,伊利股份,14:46:21,27.16,24300,27.16,D
sh600887,伊利股份,14:46:24,27.16,11300,27.16,U
sh600887,伊利股份,14:46:27,27.15,33300,27.16,D
sh600887,伊利股份,14:46:30,27.15,28400,27.15,D
sh600887,伊利股份,14:46:33,27.15,11700,27.15,D
sh600887,伊利股份,14:46:36,27.16,16400,27.15,U
sh600887,伊利股份,14:46:39,27.16,8500,27.16,U
sh600887,伊利股份,14:46:42,27.16,8600,27.16,U
sh600887,伊利股份,14:46:48,27.16,8800,27.16,U
sh600887,伊利股份,14:46:51,27.16,23600,27.16,U
sh600887,伊利股份,14:46:54,27.16,16300,27.16,D
sh600887,伊利股份,14:46:57,27.16,18100,27.16,D
sh600887,伊利股份,14:47:00,27.15,13500,27.16,D
sh600887,伊利股份,14:47:03,27.16,8900,27.15,U
sh600887,伊利股份,14:47:06,27.15,7800,27.16,D
sh600887,伊利股份,14:47:12,27.16,60800,27.15,U
sh600887,伊利股份,14:47:15,27.18,89400,27.16,U
sh600887,伊利股份,14:47:18,27.18,51000,27.18,U
sh600887,伊利股份,14:47:21,27.19,89400,27.18,U
sh600887,伊利股份,14:47:24,27.18,31300,27.19,D
sh600887,伊利股份,14:47:27,27.19,24100,27.18,U
sh600887,伊利股份,14:47:30,27.19,96300,27.19,U
sh600887,伊利股份,14:47:33,27.19,28700,27.19,U
sh600887,伊利股份,14:47:36,27.18,27800,27.19,D
sh600887,伊利股份,14:47:39,27.18,37800,27.18,D
sh600887,伊利股份,14:47:42,27.18,21200,27.18,D
sh600887,伊利股份,14:47:45,27.19,88900,27.18,U
sh600887,伊利股份,14:47:48,27.2,23800,27.19,U
sh600887,伊利股份,14:47:51,27.19,22900,27.2,D
sh600887,伊利股份,14:47:54,27.2,27600,27.19,U
sh600887,伊利股份,14:47:57,27.19,23100,27.2,D
sh600887,伊利股份,14:48:00,27.19,23100,27.19,U
sh600887,伊利股份,14:48:03,27.18,41200,27.19,D
sh600887,伊利股份,14:48:06,27.18,21500,27.18,D
sh600887,伊利股份,14:48:09,27.18,26900,27.18,D
sh600887,伊利股份,14:48:24,27.17,20000,27.17,U
sh600887,伊利股份,14:48:33,27.17,16000,27.17,U
sh600887,伊利股份,14:48:39,27.17,12200,27.16,U
sh600887,伊利股份,14:48:45,27.16,24400,27.15,U
sh600887,伊利股份,14:48:51,27.16,22300,27.16,D
sh600887,伊利股份,14:48:54,27.16,14100,27.16,D
sh600887,伊利股份,14:48:57,27.16,8000,27.16,D
sh600887,伊利股份,14:49:03,27.16,9400,27.17,D
sh600887,伊利股份,14:49:09,27.15,28700,27.16,D
sh600887,伊利股份,14:49:12,27.16,8400,27.15,U
sh600887,伊利股份,14:49:15,27.15,16500,27.16,D
sh600887,伊利股份,14:49:18,27.15,7900,27.15,D
sh600887,伊利股份,14:49:30,27.16,49915,27.15,U
sh600887,伊利股份,14:49:33,27.15,20900,27.16,D
sh600887,伊利股份,14:49:36,27.16,8900,27.15,U
sh600887,伊利股份,14:49:39,27.15,8000,27.16,D
sh600887,伊利股份,14:49:42,27.15,16000,27.15,D
sh600887,伊利股份,14:49:51,27.15,11800,27.16,D
sh600887,伊利股份,14:50:00,27.16,24700,27.15,U
sh600887,伊利股份,14:50:03,27.16,9200,27.16,U
sh600887,伊利股份,14:50:06,27.14,9000,27.16,D
sh600887,伊利股份,14:50:09,27.14,15300,27.14,D
sh600887,伊利股份,14:50:15,27.14,13000,27.14,D
sh600887,伊利股份,14:50:21,27.12,9200,27.13,D
sh600887,伊利股份,14:50:27,27.14,22000,27.13,U
sh600887,伊利股份,14:50:39,27.15,11100,27.13,U
sh600887,伊利股份,14:50:42,27.13,10900,27.15,D
sh600887,伊利股份,14:50:48,27.14,7900,27.14,D
sh600887,伊利股份,14:50:51,27.14,10100,27.14,D
sh600887,伊利股份,14:50:54,27.15,8700,27.14,U
sh600887,伊利股份,14:50:57,27.13,13400,27.15,D
sh600887,伊利股份,14:51:03,27.12,18800,27.13,D
sh600887,伊利股份,14:51:06,27.14,12600,27.12,U
sh600887,伊利股份,14:51:09,27.14,7500,27.14,U
sh600887,伊利股份,14:51:12,27.12,19100,27.14,D
sh600887,伊利股份,14:51:15,27.12,20800,27.12,D
sh600887,伊利股份,14:51:18,27.12,8000,27.12,D
sh600887,伊利股份,14:51:21,27.12,11600,27.12,D
sh600887,伊利股份,14:51:39,27.12,9200,27.11,U
sh600887,伊利股份,14:51:45,27.11,12600,27.11,D
sh600887,伊利股份,14:51:51,27.11,24800,27.11,D
sh600887,伊利股份,14:51:54,27.1,31200,27.11,D
sh600887,伊利股份,14:51:57,27.11,8600,27.1,U
sh600887,伊利股份,14:52:00,27.1,10000,27.11,D
sh600887,伊利股份,14:52:03,27.1,19400,27.1,D
sh600887,伊利股份,14:52:06,27.09,26800,27.1,D
sh600887,伊利股份,14:52:09,27.1,9100,27.09,D
sh600887,伊利股份,14:52:12,27.1,27000,27.1,D
sh600887,伊利股份,14:52:15,27.09,14700,27.1,D
sh600887,伊利股份,14:52:18,27.09,9200,27.09,D
sh600887,伊利股份,14:52:21,27.1,15200,27.09,U
sh600887,伊利股份,14:52:30,27.1,33300,27.09,U
sh600887,伊利股份,14:52:33,27.1,11600,27.1,D
sh600887,伊利股份,14:52:36,27.1,9600,27.1,D
sh600887,伊利股份,14:52:42,27.11,9200,27.11,U
sh600887,伊利股份,14:52:45,27.1,7900,27.11,D
sh600887,伊利股份,14:52:48,27.11,12400,27.1,U
sh600887,伊利股份,14:52:51,27.11,76900,27.11,U
sh600887,伊利股份,14:52:54,27.14,67300,27.11,U
sh600887,伊利股份,14:53:03,27.13,13900,27.14,D
sh600887,伊利股份,14:53:09,27.14,12900,27.13,U
sh600887,伊利股份,14:53:12,27.14,24800,27.14,U
sh600887,伊利股份,14:53:18,27.14,12800,27.13,U
sh600887,伊利股份,14:53:21,27.14,10200,27.14,U
sh600887,伊利股份,14:53:24,27.15,15500,27.14,U
sh600887,伊利股份,14:53:30,27.14,9100,27.15,U
sh600887,伊利股份,14:53:36,27.14,15400,27.14,D
sh600887,伊利股份,14:53:39,27.14,11400,27.14,D
sh600887,伊利股份,14:53:42,27.14,8200,27.14,D
sh600887,伊利股份,14:53:45,27.14,9000,27.14,D
sh600887,伊利股份,14:53:48,27.14,18500,27.14,D
sh600887,伊利股份,14:53:51,27.15,31000,27.14,U
sh600887,伊利股份,14:53:57,27.14,20100,27.14,D
sh600887,伊利股份,14:54:00,27.15,17300,27.14,U
sh600887,伊利股份,14:54:06,27.15,10500,27.15,U
sh600887,伊利股份,14:54:09,27.14,8600,27.15,D
sh600887,伊利股份,14:54:12,27.14,17900,27.14,D
sh600887,伊利股份,14:54:15,27.15,107600,27.14,U
sh600887,伊利股份,14:54:18,27.15,8800,27.15,U
sh600887,伊利股份,14:54:21,27.14,18100,27.15,D
sh600887,伊利股份,14:54:24,27.14,54400,27.14,D
sh600887,伊利股份,14:54:33,27.15,8100,27.14,U
sh600887,伊利股份,14:54:48,27.14,15200,27.15,D
sh600887,伊利股份,14:54:51,27.15,9200,27.14,U
sh600887,伊利股份,14:55:00,27.15,29600,27.15,U
sh600887,伊利股份,14:55:03,27.14,58400,27.15,D
sh600887,伊利股份,14:55:09,27.14,13500,27.14,U
sh600887,伊利股份,14:55:12,27.14,16600,27.14,U
sh600887,伊利股份,14:55:18,27.13,26100,27.14,D
sh600887,伊利股份,14:55:21,27.15,11400,27.13,U
sh600887,伊利股份,14:55:24,27.14,11300,27.15,D
sh600887,伊利股份,14:55:30,27.15,8800,27.14,U
sh600887,伊利股份,14:55:39,27.14,12500,27.15,D
sh600887,伊利股份,14:55:42,27.15,26500,27.14,U
sh600887,伊利股份,14:55:54,27.14,28600,27.15,D
sh600887,伊利股份,14:55:57,27.15,10000,27.14,U
sh600887,伊利股份,14:56:00,27.15,33400,27.15,U
sh600887,伊利股份,14:56:03,27.15,9900,27.15,U
sh600887,伊利股份,14:56:15,27.15,7500,27.14,U
sh600887,伊利股份,14:56:18,27.14,10800,27.15,D
sh600887,伊利股份,14:56:21,27.15,22900,27.14,U
sh600887,伊利股份,14:56:27,27.14,17800,27.15,D
sh600887,伊利股份,14:56:30,27.15,23400,27.14,U
sh600887,伊利股份,14:56:42,27.15,9100,27.14,U
sh600887,伊利股份,14:56:45,27.14,19900,27.15,D
sh600887,伊利股份,14:56:48,27.14,13600,27.14,D
sh600887,伊利股份,14:56:51,27.14,22250,27.14,D
sh600887,伊利股份,14:56:54,27.15,14500,27.14,U
sh600887,伊利股份,14:56:57,27.14,9200,27.15,D
sh600887,伊利股份,15:00:00,27.14,511497,27.14,U
