symbol,name,ticktime,price,volume,prev_price,kind
sh600887,伊利股份,09:25:01,27.15,194000,0.0,U
sh600887,伊利股份,09:30:02,27.14,16400,27.15,D
sh600887,伊利股份,09:30:05,27.14,72600,27.14,D
sh600887,伊利股份,09:30:08,27.15,49900,27.14,U
sh600887,伊利股份,09:30:11,27.16,85800,27.15,U
sh600887,伊利股份,09:30:14,27.17,45500,27.16,E
sh600887,伊利股份,09:30:17,27.19,86100,27.17,U
sh600887,伊利股份,09:30:20,27.16,147700,27.19,D
sh600887,伊利股份,09:30:23,27.19,120900,27.16,U
sh600887,伊利股份,09:30:26,27.18,49800,27.19,U
sh600887,伊利股份,09:30:29,27.18,85000,27.18,U
sh600887,伊利股份,09:30:32,27.18,71100,27.18,U
sh600887,伊利股份,09:30:35,27.15,43000,27.18,D
sh600887,伊利股份,09:30:38,27.13,73500,27.15,D
sh600887,伊利股份,09:30:41,27.17,23600,27.13,U
sh600887,伊利股份,09:30:44,27.19,38400,27.17,U
sh600887,伊利股份,09:30:47,27.2,33900,27.19,U
sh600887,伊利股份,09:30:50,27.2,24000,27.2,D
sh600887,伊利股份,09:30:53,27.2,11000,27.2,U
sh600887,伊利股份,09:30:56,27.19,23000,27.2,E
sh600887,伊利股份,09:30:59,27.18,20200,27.19,E
sh600887,伊利股份,09:31:02,27.13,14800,27.18,D
sh600887,伊利股份,09:31:05,27.16,29000,27.13,U
sh600887,伊利股份,09:31:08,27.13,19000,27.16,D
sh600887,伊利股份,09:31:11,27.15,20500,27.13,E
sh600887,伊利股份,09:31:14,27.16,35400,27.15,U
sh600887,伊利股份,09:31:17,27.15,24800,27.16,U
sh600887,伊利股份,09:31:20,27.14,24400,27.15,D
sh600887,伊利股份,09:31:23,27.15,42400,27.14,U
sh600887,伊利股份,09:31:26,27.12,18600,27.15,D
sh600887,伊利股份,09:31:29,27.14,12900,27.12,U
sh600887,伊利股份,09:31:32,27.14,35100,27.14,D
sh600887,伊利股份,09:31:35,27.14,14000,27.14,D
sh600887,伊利股份,09:31:38,27.12,23100,27.14,D
sh600887,伊利股份,09:31:41,27.12,10700,27.12,D
sh600887,伊利股份,09:31:44,27.13,23100,27.12,U
sh600887,伊利股份,09:31:47,27.13,13500,27.13,D
sh600887,伊利股份,09:31:53,27.13,21400,27.12,U
sh600887,伊利股份,09:31:56,27.12,19800,27.13,D
sh600887,伊利股份,09:31:59,27.11,12600,27.12,D
sh600887,伊利股份,09:32:02,27.13,47400,27.11,U
sh600887,伊利股份,09:32:05,27.13,58400,27.13,U
sh600887,伊利股份,09:32:08,27.13,23400,27.13,D
sh600887,伊利股份,09:32:11,27.13,18100,27.13,D
sh600887,伊利股份,09:32:14,27.14,16200,27.13,U
sh600887,伊利股份,09:32:17,27.12,8600,27.14,D
sh600887,伊利股份,09:32:20,27.13,17500,27.12,U
sh600887,伊利股份,09:32:23,27.12,20000,27.13,D
sh600887,伊利股份,09:32:26,27.13,23700,27.12,U
sh600887,伊利股份,09:32:29,27.12,11200,27.13,U
sh600887,伊利股份,09:32:32,27.11,8000,27.12,D
sh600887,伊利股份,09:32:35,27.11,15400,27.11,D
sh600887,伊利股份,09:32:38,27.11,47400,27.11,D
sh600887,伊利股份,09:32:41,27.11,17600,27.11,U
sh600887,伊利股份,09:32:44,27.1,38700,27.11,D
sh600887,伊利股份,09:32:47,27.1,21200,27.1,U
sh600887,伊利股份,09:32:50,27.08,12500,27.1,D
sh600887,伊利股份,09:32:53,27.07,24200,27.08,D
sh600887,伊利股份,09:32:56,27.07,21900,27.07,D
sh600887,伊利股份,09:32:59,27.05,7900,27.07,D
sh600887,伊利股份,09:33:02,27.06,22600,27.05,U
sh600887,伊利股份,09:33:05,27.05,21200,27.06,D
sh600887,伊利股份,09:33:08,27.05,18200,27.05,D
sh600887,伊利股份,09:33:11,27.03,13900,27.05,D
sh600887,伊利股份,09:33:14,27.02,35900,27.03,D
sh600887,伊利股份,09:33:17,27.02,26300,27.02,D
sh600887,伊利股份,09:33:20,27.02,64800,27.02,D
sh600887,伊利股份,09:33:23,27.02,31900,27.02,U
sh600887,伊利股份,09:33:26,27.02,22600,27.02,D
sh600887,伊利股份,09:33:29,27.03,7600,27.02,U
sh600887,伊利股份,09:33:32,27.01,11700,27.03,D
sh600887,伊利股份,09:33:35,27.01,26400,27.01,D
sh600887,伊利股份,09:33:38,27.02,27700,27.01,U
sh600887,伊利股份,09:33:41,27.03,15300,27.02,U
sh600887,伊利股份,09:33:47,27.02,18800,27.02,D
sh600887,伊利股份,09:33:50,27.02,20600,27.02,D
sh600887,伊利股份,09:33:53,27.02,24900,27.02,U
sh600887,伊利股份,09:33:56,27.02,16700,27.02,U
sh600887,伊利股份,09:33:59,27.02,15300,27.02,U
sh600887,伊利股份,09:34:02,27.02,21000,27.02,U
sh600887,伊利股份,09:34:05,27.02,20700,27.02,D
sh600887,伊利股份,09:34:08,27.04,8700,27.02,U
sh600887,伊利股份,09:34:11,27.04,13000,27.04,D
sh600887,伊利股份,09:34:17,27.04,17300,27.04,U
sh600887,伊利股份,09:34:23,27.03,21400,27.04,D
sh600887,伊利股份,09:34:29,27.04,8800,27.03,U
sh600887,伊利股份,09:34:32,27.03,11200,27.04,D
sh600887,伊利股份,09:34:38,27.04,10100,27.03,U
sh600887,伊利股份,09:34:47,27.03,23000,27.04,D
sh600887,伊利股份,09:34:53,27.03,11200,27.03,D
sh600887,伊利股份,09:34:56,27.03,18300,27.03,D
sh600887,伊利股份,09:34:59,27.03,32100,27.03,U
sh600887,伊利股份,09:35:02,27.05,56400,27.03,U
sh600887,伊利股份,09:35:14,27.06,32600,27.06,U
sh600887,伊利股份,09:35:17,27.06,15700,27.06,D
sh600887,伊利股份,09:35:23,27.06,17300,27.06,U
sh600887,伊利股份,09:35:32,27.06,18600,27.06,D
sh600887,伊利股份,09:35:38,27.07,8800,27.07,U
sh600887,伊利股份,09:35:44,27.08,22500,27.07,U
sh600887,伊利股份,09:35:47,27.09,24300,27.08,U
sh600887,伊利股份,09:35:50,27.1,15400,27.09,D
sh600887,伊利股份,09:35:53,27.11,16000,27.1,U
sh600887,伊利股份,09:35:59,27.13,48100,27.11,U
sh600887,伊利股份,09:36:02,27.14,24600,27.13,U
sh600887,伊利股份,09:36:08,27.14,13800,27.14,U
sh600887,伊利股份,09:36:11,27.14,8100,27.14,U
sh600887,伊利股份,09:36:14,27.15,42600,27.14,U
sh600887,伊利股份,09:36:17,27.15,28400,27.15,D
sh600887,伊利股份,09:36:20,27.14,18600,27.15,E
sh600887,伊利股份,09:36:23,27.13,8800,27.14,D
sh600887,伊利股份,09:36:29,27.13,9400,27.13,D
sh600887,伊利股份,09:36:32,27.13,22000,27.13,U
sh600887,伊利股份,09:36:35,27.14,19900,27.13,U
sh600887,伊利股份,09:36:38,27.13,25800,27.14,D
sh600887,伊利股份,09:36:44,27.14,9900,27.14,U
sh600887,伊利股份,09:36:47,27.13,17400,27.14,D
sh600887,伊利股份,09:36:50,27.14,27100,27.13,U
sh600887,伊利股份,09:36:56,27.12,12200,27.13,D
sh600887,伊利股份,09:37:05,27.12,18800,27.12,D
sh600887,伊利股份,09:37:08,27.13,30200,27.12,U
sh600887,伊利股份,09:37:11,27.13,22900,27.13,U
sh600887,伊利股份,09:37:14,27.12,41300,27.13,D
sh600887,伊利股份,09:37:17,27.1,88800,27.12,D
sh600887,伊利股份,09:37:20,27.12,25500,27.1,U
sh600887,伊利股份,09:37:23,27.1,20200,27.12,D
sh600887,伊利股份,09:37:26,27.11,28800,27.1,E
sh600887,伊利股份,09:37:41,27.1,18100,27.1,D
sh600887,伊利股份,09:37:47,27.13,88200,27.1,U
sh600887,伊利股份,09:37:50,27.14,87000,27.13,U
sh600887,伊利股份,09:37:53,27.13,77400,27.14,D
sh600887,伊利股份,09:37:56,27.13,9700,27.13,U
sh600887,伊利股份,09:38:02,27.12,10100,27.12,D
sh600887,伊利股份,09:38:05,27.12,21900,27.12,D
sh600887,伊利股份,09:38:11,27.12,11400,27.12,D
sh600887,伊利股份,09:38:14,27.13,43500,27.12,U
sh600887,伊利股份,09:38:17,27.13,19300,27.13,E
sh600887,伊利股份,09:38:26,27.14,13400,27.14,U
sh600887,伊利股份,09:38:29,27.14,12800,27.14,U
sh600887,伊利股份,09:38:32,27.14,25100,27.14,U
sh600887,伊利股份,09:38:38,27.15,7600,27.14,U
sh600887,伊利股份,09:38:41,27.14,9000,27.15,D
sh600887,伊利股份,09:38:44,27.14,9100,27.14,D
sh600887,伊利股份,09:38:47,27.15,56100,27.14,U
sh600887,伊利股份,09:38:50,27.15,15100,27.15,E
sh600887,伊利股份,09:38:56,27.15,9200,27.15,U
sh600887,伊利股份,09:39:02,27.12,36700,27.14,D
sh600887,伊利股份,09:39:05,27.12,10200,27.12,U
sh600887,伊利股份,09:39:08,27.12,11100,27.12,U
sh600887,伊利股份,09:39:11,27.12,11500,27.12,U
sh600887,伊利股份,09:39:14,27.13,39600,27.12,U
sh600887,伊利股份,09:39:17,27.14,33000,27.13,U
sh600887,伊利股份,09:39:20,27.14,12400,27.14,D
sh600887,伊利股份,09:39:23,27.15,13400,27.14,U
sh600887,伊利股份,09:39:26,27.15,22900,27.15,U
sh600887,伊利股份,09:39:29,27.15,20500,27.15,U
sh600887,伊利股份,09:39:35,27.14,16400,27.14,D
sh600887,伊利股份,09:39:38,27.15,17600,27.14,U
sh600887,伊利股份,09:39:41,27.14,16900,27.15,D
sh600887,伊利股份,09:39:44,27.15,7700,27.14,U
sh600887,伊利股份,09:39:47,27.14,13200,27.15,D
sh600887,伊利股份,09:39:50,27.14,7500,27.14,D
sh600887,伊利股份,09:39:53,27.13,44700,27.14,D
sh600887,伊利股份,09:40:02,27.13,10100,27.12,U
sh600887,伊利股份,09:40:05,27.11,112000,27.13,D
sh600887,伊利股份,09:40:08,27.1,9400,27.11,D
sh600887,伊利股份,09:40:14,27.11,23400,27.11,U
sh600887,伊利股份,09:40:17,27.1,8800,27.11,D
sh600887,伊利股份,09:40:20,27.09,27400,27.1,D
sh600887,伊利股份,09:40:29,27.06,115300,27.07,D
sh600887,伊利股份,09:40:32,27.04,60700,27.06,D
sh600887,伊利股份,09:40:35,27.05,14600,27.04,U
sh600887,伊利股份,09:40:38,27.04,10700,27.05,D
sh600887,伊利股份,09:40:41,27.04,29900,27.04,D
sh600887,伊利股份,09:40:44,27.03,10000,27.04,D
sh600887,伊利股份,09:40:47,27.04,51300,27.03,D
sh600887,伊利股份,09:40:56,27.03,12700,27.03,D
sh600887,伊利股份,09:40:59,27.03,13600,27.03,U
sh600887,伊利股份,09:41:02,27.05,55800,27.03,U
sh600887,伊利股份,09:41:08,27.06,167700,27.05,U
sh600887,伊利股份,09:41:11,27.06,11200,27.06,U
sh600887,伊利股份,09:41:26,27.15,79700,27.1,U
sh600887,伊利股份,09:41:29,27.11,26300,27.15,E
sh600887,伊利股份,09:41:32,27.11,40700,27.11,U
sh600887,伊利股份,09:41:38,27.12,29700,27.12,D
sh600887,伊利股份,09:41:50,27.13,8400,27.13,D
sh600887,伊利股份,09:41:59,27.13,11000,27.13,D
sh600887,伊利股份,09:42:02,27.12,36000,27.13,D
sh600887,伊利股份,09:42:14,27.12,10200,27.11,U
sh600887,伊利股份,09:42:23,27.12,8200,27.11,U
sh600887,伊利股份,09:42:26,27.11,17400,27.12,D
sh600887,伊利股份,09:42:32,27.11,10200,27.11,D
sh600887,伊利股份,09:42:35,27.11,7400,27.11,D
sh600887,伊利股份,09:42:41,27.1,8800,27.11,D
sh600887,伊利股份,09:42:47,27.1,7900,27.11,D
sh600887,伊利股份,09:43:02,27.1,48400,27.1,D
sh600887,伊利股份,09:43:11,27.07,8600,27.08,D
sh600887,伊利股份,09:43:14,27.07,24600,27.07,D
sh600887,伊利股份,09:43:17,27.08,10800,27.07,U
sh600887,伊利股份,09:43:29,27.06,24500,27.06,D
sh600887,伊利股份,09:43:32,27.07,59400,27.06,U
sh600887,伊利股份,09:43:35,27.06,18300,27.07,E
sh600887,伊利股份,09:43:44,27.06,38500,27.06,U
sh600887,伊利股份,09:43:47,27.07,20500,27.06,U
sh600887,伊利股份,09:43:53,27.06,8800,27.07,D
sh600887,伊利股份,09:43:59,27.07,10800,27.07,U
sh600887,伊利股份,09:44:02,27.07,22200,27.07,U
sh600887,伊利股份,09:44:38,27.06,8900,27.07,D
sh600887,伊利股份,09:44:41,27.06,12800,27.06,D
sh600887,伊利股份,09:44:50,27.06,21700,27.06,D
sh600887,伊利股份,09:44:53,27.06,9500,27.06,U
sh600887,伊利股份,09:45:02,27.05,7900,27.06,D
sh600887,伊利股份,09:45:05,27.05,15000,27.05,D
sh600887,伊利股份,09:45:08,27.05,35600,27.05,D
sh600887,伊利股份,09:45:11,27.04,19500,27.05,D
sh600887,伊利股份,09:45:14,27.04,18700,27.04,D
sh600887,伊利股份,09:45:20,27.04,7500,27.04,D
sh600887,伊利股份,09:45:23,27.04,15000,27.04,U
sh600887,伊利股份,09:45:26,27.03,9100,27.04,D
sh600887,伊利股份,09:45:38,27.04,66700,27.04,U
sh600887,伊利股份,09:45:50,27.03,28400,27.04,D
sh600887,伊利股份,09:46:02,27.03,18200,27.03,D
sh600887,伊利股份,09:46:05,27.03,8800,27.03,D
sh600887,伊利股份,09:46:11,27.03,12300,27.03,D
sh600887,伊利股份,09:46:14,27.03,57000,27.03,D
sh600887,伊利股份,09:46:20,27.03,9200,27.03,U
sh600887,伊利股份,09:46:23,27.03,98800,27.03,U
sh600887,伊利股份,09:46:35,27.01,13100,27.01,D
sh600887,伊利股份,09:46:38,27.01,7700,27.01,D
sh600887,伊利股份,09:46:41,27.01,122500,27.01,D
sh600887,伊利股份,09:46:47,27.0,11800,27.01,D
sh600887,伊利股份,09:46:50,27.01,12600,27.0,U
sh600887,伊利股份,09:47:05,27.0,8800,27.01,D
sh600887,伊利股份,09:47:08,27.01,29500,27.0,U
sh600887,伊利股份,09:47:14,27.0,13000,27.0,D
sh600887,伊利股份,09:47:17,27.0,193100,27.0,D
sh600887,伊利股份,09:47:20,27.0,10600,27.0,U
sh600887,伊利股份,09:47:23,26.99,14600,27.0,D
sh600887,伊利股份,09:47:26,26.99,9900,26.99,D
sh600887,伊利股份,09:47:29,27.0,22500,26.99,U
sh600887,伊利股份,09:47:35,26.99,8500,26.99,U
sh600887,伊利股份,09:47:41,26.99,39100,26.99,U
sh600887,伊利股份,09:47:44,26.99,11500,26.99,U
sh600887,伊利股份,09:47:47,26.99,52800,26.99,U
sh600887,伊利股份,09:47:50,26.99,13300,26.99,D
sh600887,伊利股份,09:47:56,27.0,7700,27.0,U
sh600887,伊利股份,09:47:59,27.01,30600,27.0,U
sh600887,伊利股份,09:48:02,27.01,10400,27.01,U
sh600887,伊利股份,09:48:05,27.0,309500,27.01,D
sh600887,伊利股份,09:48:17,27.0,12300,27.0,U
sh600887,伊利股份,09:48:26,27.0,28000,26.99,U
sh600887,伊利股份,09:48:35,26.99,21600,26.99,D
sh600887,伊利股份,09:48:50,26.99,9400,26.99,U
sh600887,伊利股份,09:48:59,26.97,17300,26.99,D
sh600887,伊利股份,09:49:02,26.98,20100,26.97,U
sh600887,伊利股份,09:49:08,26.98,20700,26.97,U
sh600887,伊利股份,09:49:11,26.98,73100,26.98,U
sh600887,伊利股份,09:49:14,26.99,59400,26.98,U
sh600887,伊利股份,09:49:17,27.01,25000,26.99,U
sh600887,伊利股份,09:49:20,27.0,22100,27.01,E
sh600887,伊利股份,09:49:23,27.0,21400,27.0,U
sh600887,伊利股份,09:49:26,27.0,12300,27.0,U
sh600887,伊利股份,09:49:29,27.02,7800,27.0,U
sh600887,伊利股份,09:49:35,27.02,12500,27.01,U
sh600887,伊利股份,09:49:53,27.0,8000,27.01,D
sh600887,伊利股份,09:50:23,27.01,35700,27.01,U
sh600887,伊利股份,09:50:29,27.0,7700,27.0,D
sh600887,伊利股份,09:50:44,26.99,11400,26.99,D
sh600887,伊利股份,09:50:56,26.99,7500,27.0,D
sh600887,伊利股份,09:50:59,26.99,21300,26.99,D
sh600887,伊利股份,09:51:02,26.98,7600,26.99,D
sh600887,伊利股份,09:51:05,26.98,25700,26.98,D
sh600887,伊利股份,09:51:08,26.97,22000,26.98,D
sh600887,伊利股份,09:51:11,26.97,8300,26.97,U
sh600887,伊利股份,09:51:14,26.97,29000,26.97,U
sh600887,伊利股份,09:51:17,26.97,9200,26.97,U
sh600887,伊利股份,09:51:26,26.96,26900,26.96,D
sh600887,伊利股份,09:51:29,26.96,8100,26.96,D
sh600887,伊利股份,09:51:32,26.96,16600,26.96,D
sh600887,伊利股份,09:51:35,26.96,17000,26.96,D
sh600887,伊利股份,09:51:44,26.96,32800,26.96,U
sh600887,伊利股份,09:51:47,26.96,69900,26.96,U
sh600887,伊利股份,09:51:50,26.96,41700,26.96,U
sh600887,伊利股份,09:51:53,26.96,53000,26.96,U
sh600887,伊利股份,09:51:56,26.96,70800,26.96,U
sh600887,伊利股份,09:51:59,26.95,20000,26.96,D
sh600887,伊利股份,09:52:02,26.96,9000,26.95,E
sh600887,伊利股份,09:52:05,26.96,20600,26.96,U
sh600887,伊利股份,09:52:08,26.97,18500,26.96,U
sh600887,伊利股份,09:52:11,26.97,10000,26.97,D
sh600887,伊利股份,09:52:14,26.96,21000,26.97,D
sh600887,伊利股份,09:52:20,26.97,8000,26.97,D
sh600887,伊利股份,09:52:26,26.96,33000,26.97,D
sh600887,伊利股份,09:52:35,26.96,16300,26.97,D
sh600887,伊利股份,09:52:41,26.96,11800,26.96,D
sh600887,伊利股份,09:52:56,26.97,10600,26.96,U
sh600887,伊利股份,09:52:59,26.96,19300,26.97,D
sh600887,伊利股份,09:53:05,26.97,9700,26.97,U
sh600887,伊利股份,09:53:11,26.96,11000,26.96,D
sh600887,伊利股份,09:53:20,26.96,8200,26.96,U
sh600887,伊利股份,09:53:23,26.96,17400,26.96,U
sh600887,伊利股份,09:53:26,26.96,31500,26.96,D
sh600887,伊利股份,09:53:29,26.97,9600,26.96,U
sh600887,伊利股份,09:53:32,26.97,20200,26.97,U
sh600887,伊利股份,09:53:35,26.96,20100,26.97,D
sh600887,伊利股份,09:53:38,26.97,9900,26.96,U
sh600887,伊利股份,09:53:41,26.97,10700,26.97,U
sh600887,伊利股份,09:53:44,26.97,7900,26.97,U
sh600887,伊利股份,09:53:47,26.97,9000,26.97,U
sh600887,伊利股份,09:53:50,26.96,10200,26.97,D
sh600887,伊利股份,09:54:11,26.95,51000,26.97,D
sh600887,伊利股份,09:54:17,26.96,15900,26.96,U
sh600887,伊利股份,09:54:20,26.95,14500,26.96,D
sh600887,伊利股份,09:54:23,26.94,102500,26.95,D
sh600887,伊利股份,09:54:26,26.94,61000,26.94,U
sh600887,伊利股份,09:54:32,26.94,21200,26.93,U
sh600887,伊利股份,09:54:35,26.93,7600,26.94,D
sh600887,伊利股份,09:54:47,26.93,25700,26.93,D
sh600887,伊利股份,09:54:50,26.94,65600,26.93,U
sh600887,伊利股份,09:54:53,26.93,14900,26.94,E
sh600887,伊利股份,09:54:56,26.93,16000,26.93,D
sh600887,伊利股份,09:55:02,26.93,7900,26.93,U
sh600887,伊利股份,09:55:05,26.93,12800,26.93,D
sh600887,伊利股份,09:55:11,26.93,16900,26.93,U
sh600887,伊利股份,09:55:17,26.93,10300,26.93,U
sh600887,伊利股份,09:55:32,26.92,11100,26.92,D
sh600887,伊利股份,09:55:35,26.93,11500,26.92,U
sh600887,伊利股份,09:55:38,26.92,8300,26.93,D
sh600887,伊利股份,09:55:41,26.93,24300,26.92,U
sh600887,伊利股份,09:55:47,26.93,12700,26.92,U
sh600887,伊利股份,09:56:05,26.93,62300,26.92,U
sh600887,伊利股份,09:56:08,26.93,7900,26.93,U
sh600887,伊利股份,09:56:11,26.93,19300,26.93,U
sh600887,伊利股份,09:56:20,26.93,17900,26.93,U
sh600887,伊利股份,09:56:29,26.93,9700,26.92,U
sh600887,伊利股份,09:56:32,26.93,64000,26.93,U
sh600887,伊利股份,09:56:35,26.92,33700,26.93,D
sh600887,伊利股份,09:56:41,26.92,8700,26.93,D
sh600887,伊利股份,09:56:50,26.93,10600,26.93,U
sh600887,伊利股份,09:56:53,26.93,23400,26.93,U
sh600887,伊利股份,09:56:56,26.93,11600,26.93,D
sh600887,伊利股份,09:56:59,26.93,23100,26.93,U
sh600887,伊利股份,09:57:02,26.93,9300,26.93,D
sh600887,伊利股份,09:57:05,26.92,114400,26.93,D
sh600887,伊利股份,09:57:08,26.92,13800,26.92,U
sh600887,伊利股份,09:57:11,26.92,35400,26.92,U
sh600887,伊利股份,09:57:29,26.92,24100,26.92,D
sh600887,伊利股份,09:57:32,26.91,19100,26.92,D
sh600887,伊利股份,09:57:35,26.91,18600,26.91,D
sh600887,伊利股份,09:57:41,26.92,7900,26.92,U
sh600887,伊利股份,09:57:56,26.92,8100,26.92,U
sh600887,伊利股份,09:57:59,26.91,15400,26.92,D
sh600887,伊利股份,09:58:05,26.91,74800,26.91,D
sh600887,伊利股份,09:58:08,26.92,18800,26.91,U
sh600887,伊利股份,09:58:11,26.91,38800,26.92,D
sh600887,伊利股份,09:58:17,26.92,12600,26.92,U
sh600887,伊利股份,09:58:23,26.92,17100,26.92,U
sh600887,伊利股份,09:58:26,26.92,14200,26.92,U
sh600887,伊利股份,09:58:29,26.92,7600,26.92,U
sh600887,伊利股份,09:58:32,26.91,14500,26.92,D
sh600887,伊利股份,09:58:41,26.92,24400,26.92,U
sh600887,伊利股份,09:58:47,26.91,18900,26.91,D
sh600887,伊利股份,09:58:53,26.92,10100,26.92,U
sh600887,伊利股份,09:58:56,26.91,22500,26.92,D
sh600887,伊利股份,09:59:02,26.91,10200,26.91,D
sh600887,伊利股份,09:59:05,26.91,78300,26.91,D
sh600887,伊利股份,09:59:08,26.91,36500,26.91,D
sh600887,伊利股份,09:59:11,26.91,76900,26.91,U
sh600887,伊利股份,09:59:14,26.9,375000,26.91,D
sh600887,伊利股份,09:59:17,26.9,93300,26.9,D
sh600887,伊利股份,09:59:20,26.89,68300,26.9,D
sh600887,伊利股份,09:59:23,26.89,8000,26.89,D
sh600887,伊利股份,09:59:26,26.89,47600,26.89,U
sh600887,伊利股份,09:59:29,26.89,13400,26.89,U
sh600887,伊利股份,09:59:32,26.91,44600,26.89,U
sh600887,伊利股份,09:59:38,26.89,14800,26.89,D
sh600887,伊利股份,09:59:47,26.9,27600,26.9,U
sh600887,伊利股份,09:59:50,26.9,16800,26.9,U
sh600887,伊利股份,09:59:53,26.9,32200,26.9,E
sh600887,伊利股份,09:59:56,26.89,20600,26.9,D
sh600887,伊利股份,09:59:59,26.89,13300,26.89,U
sh600887,伊利股份,10:00:02,26.88,31200,26.89,D
sh600887,伊利股份,10:00:05,26.89,24600,26.88,E
sh600887,伊利股份,10:00:14,26.89,17700,26.88,U
sh600887,伊利股份,10:00:17,26.89,11200,26.89,D
sh600887,伊利股份,10:00:23,26.89,8100,26.9,D
sh600887,伊利股份,10:00:32,26.9,8300,26.89,U
sh600887,伊利股份,10:00:35,26.89,12700,26.9,D
sh600887,伊利股份,10:00:38,26.9,14900,26.89,U
sh600887,伊利股份,10:00:53,26.92,8300,26.91,U
sh600887,伊利股份,10:01:14,26.91,8900,26.91,D
sh600887,伊利股份,10:01:17,26.92,12100,26.91,U
sh600887,伊利股份,10:01:20,26.91,12800,26.92,D
sh600887,伊利股份,10:01:23,26.91,13800,26.91,D
sh600887,伊利股份,10:01:26,26.92,10100,26.91,U
sh600887,伊利股份,10:01:29,26.92,18700,26.92,D
sh600887,伊利股份,10:01:32,26.91,116200,26.92,D
sh600887,伊利股份,10:01:35,26.92,40200,26.91,U
sh600887,伊利股份,10:01:38,26.91,13200,26.92,D
sh600887,伊利股份,10:01:41,26.92,8800,26.91,U
sh600887,伊利股份,10:01:44,26.92,7600,26.92,U
sh600887,伊利股份,10:01:50,26.92,11300,26.91,U
sh600887,伊利股份,10:01:59,26.92,14000,26.92,U
sh600887,伊利股份,10:02:05,26.92,20000,26.91,U
sh600887,伊利股份,10:02:11,26.91,9700,26.92,D
sh600887,伊利股份,10:02:14,26.92,13600,26.91,U
sh600887,伊利股份,10:02:23,26.91,13900,26.92,D
sh600887,伊利股份,10:02:29,26.91,18700,26.91,D
sh600887,伊利股份,10:02:32,26.91,71400,26.91,D
sh600887,伊利股份,10:02:35,26.91,29200,26.91,U
sh600887,伊利股份,10:02:38,26.9,18300,26.91,D
sh600887,伊利股份,10:02:44,26.91,13600,26.91,U
sh600887,伊利股份,10:02:50,26.92,18300,26.91,U
sh600887,伊利股份,10:03:05,26.92,9800,26.92,U
sh600887,伊利股份,10:03:11,26.93,29500,26.92,U
sh600887,伊利股份,10:03:14,26.91,23600,26.93,D
sh600887,伊利股份,10:03:17,26.92,14200,26.91,U
sh600887,伊利股份,10:03:23,26.92,33400,26.92,U
sh600887,伊利股份,10:03:26,26.93,10900,26.92,U
sh600887,伊利股份,10:03:29,26.93,12800,26.93,U
sh600887,伊利股份,10:03:35,26.94,8900,26.94,U
sh600887,伊利股份,10:03:38,26.94,7800,26.94,U
sh600887,伊利股份,10:03:41,26.94,11900,26.94,U
sh600887,伊利股份,10:03:47,26.93,13100,26.94,D
sh600887,伊利股份,10:03:53,26.94,10000,26.93,U
sh600887,伊利股份,10:03:59,26.94,15600,26.93,U
sh600887,伊利股份,10:04:26,26.94,19500,26.94,U
sh600887,伊利股份,10:04:41,26.95,11000,26.95,D
sh600887,伊利股份,10:04:56,26.96,10700,26.96,U
sh600887,伊利股份,10:04:59,26.96,14700,26.96,U
sh600887,伊利股份,10:05:20,26.96,9100,26.97,D
sh600887,伊利股份,10:05:29,26.97,20800,26.97,U
sh600887,伊利股份,10:05:41,26.97,18400,26.97,U
sh600887,伊利股份,10:05:50,26.96,17700,26.97,D
sh600887,伊利股份,10:05:53,26.96,12800,26.96,D
sh600887,伊利股份,10:06:05,26.97,29600,26.96,U
sh600887,伊利股份,10:06:17,26.98,9600,26.97,U
sh600887,伊利股份,10:06:23,26.98,11000,26.98,U
sh600887,伊利股份,10:06:26,26.97,12700,26.98,D
sh600887,伊利股份,10:06:32,26.98,8600,26.98,U
sh600887,伊利股份,10:06:35,26.97,42000,26.98,D
sh600887,伊利股份,10:06:38,26.97,12500,26.97,U
sh600887,伊利股份,10:06:44,26.96,11200,26.97,D
sh600887,伊利股份,10:07:05,26.96,8900,26.97,D
sh600887,伊利股份,10:07:08,26.96,12600,26.96,U
sh600887,伊利股份,10:07:11,26.96,17200,26.96,D
sh600887,伊利股份,10:07:32,26.96,10100,26.96,U
sh600887,伊利股份,10:08:08,26.95,12500,26.95,D
sh600887,伊利股份,10:08:56,26.95,15200,26.96,D
sh600887,伊利股份,10:09:02,26.94,36700,26.96,D
sh600887,伊利股份,10:09:38,26.94,19400,26.94,U
sh600887,伊利股份,10:09:41,26.94,22600,26.94,U
sh600887,伊利股份,10:10:05,26.95,63100,26.95,U
sh600887,伊利股份,10:10:11,26.95,21000,26.96,D
sh600887,伊利股份,10:10:56,26.96,9000,26.95,U
sh600887,伊利股份,10:10:59,26.95,23900,26.96,D
sh600887,伊利股份,10:11:02,26.95,14000,26.95,D
sh600887,伊利股份,10:11:05,26.95,15000,26.95,D
sh600887,伊利股份,10:11:08,26.95,9000,26.95,U
sh600887,伊利股份,10:11:11,26.93,91300,26.95,D
sh600887,伊利股份,10:12:11,26.93,26300,26.93,U
sh600887,伊利股份,10:12:14,26.93,14800,26.93,U
sh600887,伊利股份,10:12:17,26.93,24400,26.93,U
sh600887,伊利股份,10:12:20,26.93,9200,26.93,U
sh600887,伊利股份,10:12:23,26.93,28800,26.93,U
sh600887,伊利股份,10:12:41,26.94,22400,26.94,U
sh600887,伊利股份,10:13:08,26.92,8200,26.92,D
sh600887,伊利股份,10:13:56,26.93,25600,26.92,U
sh600887,伊利股份,10:14:02,26.93,19600,26.92,U
sh600887,伊利股份,10:14:20,26.93,10500,26.93,U
sh600887,伊利股份,10:14:44,26.93,23600,26.93,U
sh600887,伊利股份,10:14:47,26.93,27800,26.93,U
sh600887,伊利股份,10:14:50,26.93,9800,26.93,D
sh600887,伊利股份,10:15:20,26.93,12600,26.93,D
sh600887,伊利股份,10:15:23,26.93,9500,26.93,D
sh600887,伊利股份,10:15:38,26.94,10900,26.93,U
sh600887,伊利股份,10:15:53,26.94,10500,26.93,U
sh600887,伊利股份,10:16:02,26.94,7800,26.93,U
sh600887,伊利股份,10:16:17,26.94,22300,26.94,U
sh600887,伊利股份,10:16:23,26.94,46900,26.93,U
sh600887,伊利股份,10:16:53,26.95,7500,26.94,U
sh600887,伊利股份,10:17:02,26.95,13100,26.95,U
sh600887,伊利股份,10:17:38,26.95,17700,26.95,U
sh600887,伊利股份,10:17:50,26.94,18700,26.94,D
sh600887,伊利股份,10:17:53,26.94,27700,26.94,D
sh600887,伊利股份,10:17:56,26.94,44200,26.94,D
sh600887,伊利股份,10:18:05,26.93,22400,26.93,D
sh600887,伊利股份,10:18:29,26.94,11200,26.93,U
sh600887,伊利股份,10:19:02,26.94,9800,26.93,U
sh600887,伊利股份,10:19:05,26.94,26100,26.94,U
sh600887,伊利股份,10:19:08,26.93,18900,26.94,D
sh600887,伊利股份,10:19:11,26.92,16800,26.93,D
sh600887,伊利股份,10:19:14,26.92,14000,26.92,D
sh600887,伊利股份,10:19:41,26.93,9700,26.93,D
sh600887,伊利股份,10:20:29,26.92,24900,26.93,D
sh600887,伊利股份,10:20:35,26.93,81400,26.93,U
sh600887,伊利股份,10:20:41,26.92,28700,26.92,D
sh600887,伊利股份,10:20:44,26.92,8200,26.92,D
sh600887,伊利股份,10:20:47,26.92,16000,26.92,D
sh600887,伊利股份,10:21:02,26.91,13700,26.92,D
sh600887,伊利股份,10:21:11,26.92,10100,26.92,U
sh600887,伊利股份,10:21:38,26.92,18700,26.92,U
sh600887,伊利股份,10:21:41,26.92,12300,26.92,U
sh600887,伊利股份,10:21:50,26.92,16500,26.92,U
sh600887,伊利股份,10:21:56,26.93,83600,26.92,U
sh600887,伊利股份,10:21:59,26.93,49500,26.93,U
sh600887,伊利股份,10:22:02,26.94,42000,26.93,U
sh600887,伊利股份,10:22:17,26.94,10100,26.93,U
sh600887,伊利股份,10:22:26,26.94,18100,26.94,U
sh600887,伊利股份,10:22:50,26.96,7800,26.96,U
sh600887,伊利股份,10:22:56,26.96,12700,26.96,U
sh600887,伊利股份,10:23:05,26.96,29900,26.96,U
sh600887,伊利股份,10:23:50,26.97,43500,26.96,U
sh600887,伊利股份,10:24:29,26.97,10200,26.97,U
sh600887,伊利股份,10:24:59,26.96,10300,26.96,D
sh600887,伊利股份,10:26:14,26.96,12500,26.97,D
sh600887,伊利股份,10:26:20,26.97,9300,26.97,U
sh600887,伊利股份,10:26:35,26.97,11100,26.97,U
sh600887,伊利股份,10:27:02,26.97,9400,26.97,U
sh600887,伊利股份,10:27:05,26.97,20300,26.97,U
sh600887,伊利股份,10:27:23,26.96,34700,26.97,D
sh600887,伊利股份,10:27:32,26.96,8700,26.97,D
sh600887,伊利股份,10:28:05,26.96,7600,26.97,D
sh600887,伊利股份,10:28:14,26.97,61500,26.97,U
sh600887,伊利股份,10:28:17,26.98,7600,26.97,U
sh600887,伊利股份,10:28:23,26.98,16000,26.98,U
sh600887,伊利股份,10:28:26,26.98,8600,26.98,U
sh600887,伊利股份,10:28:32,26.98,49500,26.98,U
sh600887,伊利股份,10:28:35,26.98,14900,26.98,D
sh600887,伊利股份,10:29:08,26.97,34600,26.97,U
sh600887,伊利股份,10:29:14,26.98,10100,26.97,U
sh600887,伊利股份,10:29:53,26.98,8200,26.98,U
sh600887,伊利股份,10:29:56,26.98,8700,26.98,U
sh600887,伊利股份,10:29:59,26.98,16800,26.98,U
sh600887,伊利股份,10:30:11,26.98,7500,26.98,U
sh600887,伊利股份,10:30:17,26.97,7600,26.98,D
sh600887,伊利股份,10:30:50,26.99,48400,26.97,U
sh600887,伊利股份,10:31:23,26.97,7700,26.97,D
sh600887,伊利股份,10:31:38,26.97,34300,26.97,U
sh600887,伊利股份,10:31:53,26.97,10100,26.96,U
sh600887,伊利股份,10:32:32,26.97,32800,26.97,U
sh600887,伊利股份,10:32:53,26.96,19900,26.97,D
sh600887,伊利股份,10:32:56,26.96,9900,26.96,U
sh600887,伊利股份,10:33:05,26.97,37100,26.97,U
sh600887,伊利股份,10:33:08,26.97,18100,26.97,U
sh600887,伊利股份,10:33:14,26.97,13900,26.97,D
sh600887,伊利股份,10:33:35,26.97,8300,26.96,U
sh600887,伊利股份,10:33:47,26.96,28400,26.96,D
sh600887,伊利股份,10:35:32,26.98,137700,26.96,U
sh600887,伊利股份,10:36:29,26.98,21600,26.97,U
sh600887,伊利股份,10:37:05,26.98,11900,26.98,U
sh600887,伊利股份,10:37:14,26.98,10500,26.98,U
sh600887,伊利股份,10:37:20,26.98,16100,26.98,U
sh600887,伊利股份,10:37:23,26.98,83500,26.98,U
sh600887,伊利股份,10:37:32,26.99,21300,26.98,U
sh600887,伊利股份,10:37:35,26.98,19100,26.99,D
sh600887,伊利股份,10:38:11,26.99,16000,26.99,U
sh600887,伊利股份,10:38:20,26.99,25300,26.98,U
sh600887,伊利股份,10:39:17,26.98,21400,26.99,D
sh600887,伊利股份,10:39:20,26.98,43500,26.98,D
sh600887,伊利股份,10:39:50,26.96,55000,26.97,D
sh600887,伊利股份,10:40:02,26.95,48700,26.97,D
sh600887,伊利股份,10:40:05,26.95,12000,26.95,D
sh600887,伊利股份,10:40:11,26.94,11500,26.94,D
sh600887,伊利股份,10:40:17,26.94,11100,26.94,D
sh600887,伊利股份,10:40:41,26.93,15500,26.94,D
sh600887,伊利股份,10:40:44,26.93,17500,26.93,D
sh600887,伊利股份,10:40:53,26.93,11100,26.93,U
sh600887,伊利股份,10:40:59,26.93,20900,26.93,U
sh600887,伊利股份,10:41:02,26.93,9000,26.93,U
sh600887,伊利股份,10:41:05,26.93,16300,26.93,U
sh600887,伊利股份,10:41:08,26.93,10000,26.93,D
sh600887,伊利股份,10:41:44,26.93,14400,26.94,D
sh600887,伊利股份,10:41:59,26.93,42600,26.94,D
sh600887,伊利股份,10:42:02,26.94,44000,26.93,U
sh600887,伊利股份,10:42:05,26.95,46800,26.94,U
sh600887,伊利股份,10:42:23,26.96,17300,26.95,U
sh600887,伊利股份,10:42:56,26.97,8700,26.98,D
sh600887,伊利股份,10:43:20,26.98,8700,26.98,U
sh600887,伊利股份,10:43:26,26.98,13400,26.98,U
sh600887,伊利股份,10:44:02,26.98,20900,26.97,U
sh600887,伊利股份,10:44:05,26.97,19500,26.98,D
sh600887,伊利股份,10:44:23,26.97,11400,26.97,D
sh600887,伊利股份,10:44:38,26.96,10700,26.97,D
sh600887,伊利股份,10:45:56,26.95,26900,26.95,D
sh600887,伊利股份,10:46:11,26.95,14200,26.94,U
sh600887,伊利股份,10:46:38,26.95,7500,26.95,U
sh600887,伊利股份,10:46:56,26.95,11000,26.94,U
sh600887,伊利股份,10:47:11,26.95,72000,26.95,U
sh600887,伊利股份,10:47:14,26.96,55000,26.95,U
sh600887,伊利股份,10:47:26,26.97,8100,26.96,U
sh600887,伊利股份,10:47:32,26.97,11900,26.97,U
sh600887,伊利股份,10:47:38,26.96,16300,26.97,D
sh600887,伊利股份,10:48:08,26.97,8500,26.98,D
sh600887,伊利股份,10:49:23,26.97,7800,26.98,D
sh600887,伊利股份,10:50:14,26.99,89200,26.97,U
sh600887,伊利股份,10:50:17,26.99,33200,26.99,U
sh600887,伊利股份,10:50:23,26.98,16300,26.98,D
sh600887,伊利股份,10:50:32,26.98,42800,26.98,D
sh600887,伊利股份,10:50:44,26.98,13600,26.98,U
sh600887,伊利股份,10:51:05,26.98,24400,26.98,U
sh600887,伊利股份,10:52:26,26.98,23600,26.97,U
sh600887,伊利股份,10:52:38,26.98,27400,26.98,U
sh600887,伊利股份,10:52:41,26.98,8900,26.98,U
sh600887,伊利股份,10:52:47,26.98,10900,26.98,D
sh600887,伊利股份,10:53:59,26.97,7600,26.98,D
sh600887,伊利股份,10:54:02,26.97,9200,26.97,D
sh600887,伊利股份,10:54:29,26.97,11400,26.98,D
sh600887,伊利股份,10:54:56,26.97,12800,26.98,D
sh600887,伊利股份,10:55:11,26.97,10200,26.98,D
sh600887,伊利股份,10:56:20,26.97,12600,26.97,U
sh600887,伊利股份,10:56:59,26.96,12900,26.96,D
sh600887,伊利股份,10:57:02,26.96,18000,26.96,D
sh600887,伊利股份,10:57:08,26.96,8400,26.96,D
sh600887,伊利股份,10:57:29,26.96,13900,26.96,D
sh600887,伊利股份,10:57:38,26.95,15500,26.95,D
sh600887,伊利股份,10:58:17,26.94,52500,26.95,D
sh600887,伊利股份,10:58:26,26.93,21900,26.95,D
sh600887,伊利股份,10:58:38,26.93,8000,26.93,D
sh600887,伊利股份,10:58:44,26.93,8000,26.93,D
sh600887,伊利股份,10:58:47,26.92,11200,26.93,D
sh600887,伊利股份,10:59:02,26.92,7600,26.93,D
sh600887,伊利股份,10:59:05,26.93,32000,26.92,U
sh600887,伊利股份,10:59:11,26.92,8700,26.92,D
sh600887,伊利股份,10:59:32,26.92,19600,26.92,D
sh600887,伊利股份,10:59:35,26.92,15500,26.92,D
sh600887,伊利股份,10:59:50,26.92,21700,26.92,D
sh600887,伊利股份,10:59:53,26.93,13200,26.92,U
sh600887,伊利股份,10:59:59,26.92,8200,26.93,D
sh600887,伊利股份,11:00:02,26.91,30700,26.92,D
sh600887,伊利股份,11:00:05,26.92,10300,26.91,E
sh600887,伊利股份,11:00:14,26.91,16200,26.92,D
sh600887,伊利股份,11:00:17,26.91,9500,26.91,D
sh600887,伊利股份,11:00:29,26.92,8500,26.92,U
sh600887,伊利股份,11:00:32,26.92,11700,26.92,U
sh600887,伊利股份,11:00:56,26.91,15200,26.92,D
sh600887,伊利股份,11:00:59,26.91,22100,26.91,D
sh600887,伊利股份,11:01:05,26.92,11500,26.91,U
sh600887,伊利股份,11:01:08,26.91,91800,26.92,D
sh600887,伊利股份,11:01:11,26.92,30700,26.91,U
sh600887,伊利股份,11:01:17,26.91,25300,26.91,D
sh600887,伊利股份,11:01:20,26.91,8300,26.91,D
sh600887,伊利股份,11:01:29,26.91,9700,26.91,D
sh600887,伊利股份,11:01:35,26.92,8400,26.91,U
sh600887,伊利股份,11:01:50,26.91,8400,26.91,D
sh600887,伊利股份,11:02:05,26.91,23500,26.92,D
sh600887,伊利股份,11:02:08,26.92,13700,26.91,U
sh600887,伊利股份,11:02:11,26.92,17800,26.92,U
sh600887,伊利股份,11:02:14,26.92,8300,26.92,U
sh600887,伊利股份,11:02:20,26.91,23300,26.92,D
sh600887,伊利股份,11:02:26,26.91,8400,26.91,D
sh600887,伊利股份,11:02:32,26.92,43100,26.92,U
sh600887,伊利股份,11:02:35,26.92,87800,26.92,U
sh600887,伊利股份,11:02:38,26.92,62500,26.92,U
sh600887,伊利股份,11:02:41,26.92,9700,26.92,U
sh600887,伊利股份,11:03:08,26.91,21600,26.91,D
sh600887,伊利股份,11:03:17,26.91,22500,26.91,D
sh600887,伊利股份,11:03:20,26.91,8800,26.91,D
sh600887,伊利股份,11:03:29,26.91,28500,26.91,D
sh600887,伊利股份,11:03:59,26.91,58100,26.91,D
sh600887,伊利股份,11:04:17,26.91,10800,26.91,U
sh600887,伊利股份,11:04:23,26.9,9000,26.91,D
sh600887,伊利股份,11:04:26,26.9,11600,26.9,D
sh600887,伊利股份,11:04:29,26.9,12800,26.9,D
sh600887,伊利股份,11:05:14,26.91,19100,26.9,U
sh600887,伊利股份,11:05:32,26.9,11900,26.91,D
sh600887,伊利股份,11:05:41,26.91,13600,26.91,U
sh600887,伊利股份,11:05:59,26.91,13000,26.91,U
sh600887,伊利股份,11:06:08,26.91,14100,26.91,U
sh600887,伊利股份,11:06:23,26.91,9500,26.92,D
sh600887,伊利股份,11:07:05,26.93,37200,26.92,U
sh600887,伊利股份,11:07:38,26.94,19500,26.92,U
sh600887,伊利股份,11:08:41,26.94,19600,26.95,D
sh600887,伊利股份,11:08:44,26.94,11600,26.94,D
sh600887,伊利股份,11:08:56,26.93,8900,26.94,D
sh600887,伊利股份,11:09:17,26.94,10200,26.94,U
sh600887,伊利股份,11:10:20,26.93,11600,26.94,D
sh600887,伊利股份,11:11:05,26.93,8200,26.93,U
sh600887,伊利股份,11:11:08,26.92,16900,26.93,D
sh600887,伊利股份,11:11:20,26.93,7700,26.93,D
sh600887,伊利股份,11:11:29,26.93,9900,26.92,U
sh600887,伊利股份,11:11:41,26.92,22200,26.93,D
sh600887,伊利股份,11:11:56,26.91,11600,26.92,D
sh600887,伊利股份,11:12:08,26.91,55100,26.91,D
sh600887,伊利股份,11:12:14,26.91,12900,26.92,D
sh600887,伊利股份,11:12:44,26.92,20200,26.91,U
sh600887,伊利股份,11:12:47,26.92,19600,26.92,U
sh600887,伊利股份,11:13:05,26.94,15800,26.92,U
sh600887,伊利股份,11:13:08,26.94,18300,26.94,U
sh600887,伊利股份,11:13:20,26.94,12000,26.94,D
sh600887,伊利股份,11:13:41,26.93,8000,26.92,U
sh600887,伊利股份,11:13:53,26.93,7700,26.93,U
sh600887,伊利股份,11:14:17,26.93,14300,26.93,U
sh600887,伊利股份,11:14:44,26.93,9500,26.93,U
sh600887,伊利股份,11:15:23,26.94,9800,26.94,U
sh600887,伊利股份,11:16:08,26.94,8900,26.94,D
sh600887,伊利股份,11:16:14,26.94,9300,26.94,E
sh600887,伊利股份,11:16:26,26.94,11900,26.94,U
sh600887,伊利股份,11:17:23,26.93,10700,26.94,D
sh600887,伊利股份,11:17:35,26.94,14500,26.94,D
sh600887,伊利股份,11:18:08,26.93,37300,26.93,U
sh600887,伊利股份,11:18:23,26.94,11300,26.93,U
sh600887,伊利股份,11:18:41,26.94,12300,26.94,U
sh600887,伊利股份,11:19:44,26.94,7800,26.95,D
sh600887,伊利股份,11:20:53,26.94,8700,26.94,U
sh600887,伊利股份,11:21:59,26.95,23500,26.95,U
sh600887,伊利股份,11:22:02,26.95,13900,26.95,U
sh600887,伊利股份,11:23:29,26.95,10300,26.96,D
sh600887,伊利股份,11:23:56,26.96,18900,26.96,U
sh600887,伊利股份,11:24:05,26.96,16400,26.96,U
sh600887,伊利股份,11:24:08,26.96,217800,26.96,U
sh600887,伊利股份,11:24:50,26.97,32000,26.96,U
sh600887,伊利股份,11:26:05,26.96,24500,26.96,D
sh600887,伊利股份,11:26:44,26.95,14600,26.96,D
sh600887,伊利股份,11:26:56,26.96,8000,26.95,U
sh600887,伊利股份,11:27:08,26.96,8200,26.96,U
sh600887,伊利股份,11:27:11,26.96,12700,26.96,D
sh600887,伊利股份,11:27:41,26.97,7700,26.97,U
sh600887,伊利股份,11:27:47,26.96,11400,26.97,D
sh600887,伊利股份,11:27:53,26.96,7800,26.96,D
sh600887,伊利股份,11:29:05,26.97,12100,26.96,U
sh600887,伊利股份,11:29:08,26.96,10800,26.97,D
sh600887,伊利股份,11:29:23,26.97,9200,26.96,U
sh600887,伊利股份,11:29:38,26.97,15800,26.97,U
sh600887,伊利股份,11:29:44,26.96,12600,26.96,D
sh600887,伊利股份,13:00:02,26.97,191229,26.96,U
sh600887,伊利股份,13:00:05,26.98,20900,26.97,U
sh600887,伊利股份,13:00:08,26.97,65800,26.98,D
sh600887,伊利股份,13:00:11,26.97,141000,26.97,D
sh600887,伊利股份,13:00:14,26.97,56200,26.97,D
sh600887,伊利股份,13:00:17,26.96,51900,26.97,D
sh600887,伊利股份,13:00:20,26.96,50600,26.96,D
sh600887,伊利股份,13:00:26,26.95,36700,26.96,D
sh600887,伊利股份,13:00:29,26.95,12900,26.95,U
sh600887,伊利股份,13:00:32,26.95,13500,26.95,D
sh600887,伊利股份,13:00:53,26.94,26500,26.94,D
sh600887,伊利股份,13:00:56,26.93,7700,26.94,D
sh600887,伊利股份,13:01:26,26.93,25300,26.93,D
sh600887,伊利股份,13:01:32,26.92,8900,26.93,D
sh600887,伊利股份,13:01:35,26.92,20700,26.92,D
sh600887,伊利股份,13:02:02,26.93,11000,26.92,U
sh600887,伊利股份,13:02:11,26.93,10500,26.92,U
sh600887,伊利股份,13:02:14,26.93,26800,26.93,U
sh600887,伊利股份,13:02:17,26.93,13300,26.93,U
sh600887,伊利股份,13:02:20,26.93,10100,26.93,U
sh600887,伊利股份,13:02:56,26.93,8400,26.93,D
sh600887,伊利股份,13:03:47,26.94,8500,26.94,U
sh600887,伊利股份,13:04:35,26.94,10600,26.93,U
sh600887,伊利股份,13:04:56,26.93,9800,26.93,D
sh600887,伊利股份,13:06:05,26.93,10700,26.93,D
sh600887,伊利股份,13:06:08,26.93,29200,26.93,D
sh600887,伊利股份,13:06:11,26.93,8900,26.93,U
sh600887,伊利股份,13:06:14,26.93,14300,26.93,D
sh600887,伊利股份,13:06:20,26.94,64200,26.93,U
sh600887,伊利股份,13:06:23,26.94,16700,26.94,U
sh600887,伊利股份,13:06:56,26.94,8200,26.93,U
sh600887,伊利股份,13:07:02,26.94,16400,26.94,U
sh600887,伊利股份,13:07:08,26.94,29000,26.94,U
sh600887,伊利股份,13:07:14,26.95,7500,26.95,U
sh600887,伊利股份,13:07:17,26.94,8600,26.95,D
sh600887,伊利股份,13:08:14,26.94,10000,26.93,U
sh600887,伊利股份,13:08:26,26.93,8700,26.93,D
sh600887,伊利股份,13:09:32,26.93,20100,26.94,D
sh600887,伊利股份,13:09:35,26.93,8600,26.93,D
sh600887,伊利股份,13:09:38,26.93,13600,26.93,D
sh600887,伊利股份,13:10:17,26.93,7700,26.93,D
sh600887,伊利股份,13:10:20,26.93,46100,26.93,D
sh600887,伊利股份,13:10:26,26.94,13900,26.94,U
sh600887,伊利股份,13:10:32,26.94,16500,26.94,U
sh600887,伊利股份,13:10:47,26.93,8200,26.94,D
sh600887,伊利股份,13:10:56,26.93,15500,26.94,D
sh600887,伊利股份,13:11:08,26.93,13100,26.93,D
sh600887,伊利股份,13:11:32,26.93,16700,26.93,D
sh600887,伊利股份,13:11:38,26.93,22100,26.93,D
sh600887,伊利股份,13:11:59,26.93,15600,26.93,D
sh600887,伊利股份,13:12:35,26.93,19600,26.94,D
sh600887,伊利股份,13:13:08,26.94,12500,26.93,U
sh600887,伊利股份,13:13:14,26.94,8200,26.93,U
sh600887,伊利股份,13:13:29,26.93,21000,26.93,D
sh600887,伊利股份,13:13:53,26.93,11100,26.94,D
sh600887,伊利股份,13:14:02,26.94,13600,26.93,U
sh600887,伊利股份,13:14:14,26.94,40900,26.93,U
sh600887,伊利股份,13:14:20,26.94,12100,26.93,U
sh600887,伊利股份,13:14:41,26.92,9400,26.93,D
sh600887,伊利股份,13:14:44,26.93,7700,26.92,E
sh600887,伊利股份,13:14:50,26.93,10200,26.94,D
sh600887,伊利股份,13:15:11,26.93,19200,26.93,D
sh600887,伊利股份,13:15:14,26.92,25200,26.93,D
sh600887,伊利股份,13:15:17,26.92,7500,26.92,D
sh600887,伊利股份,13:15:20,26.92,21600,26.92,D
sh600887,伊利股份,13:15:23,26.93,9500,26.92,E
sh600887,伊利股份,13:15:26,26.93,15300,26.93,D
sh600887,伊利股份,13:15:41,26.94,10800,26.94,U
sh600887,伊利股份,13:16:02,26.93,12400,26.93,D
sh600887,伊利股份,13:16:11,26.94,75400,26.93,U
sh600887,伊利股份,13:16:14,26.93,58100,26.94,D
sh600887,伊利股份,13:16:26,26.94,9900,26.93,U
sh600887,伊利股份,13:16:38,26.94,13100,26.95,D
sh600887,伊利股份,13:16:53,26.95,11100,26.94,U
sh600887,伊利股份,13:16:56,26.94,9800,26.95,D
sh600887,伊利股份,13:16:59,26.95,9200,26.94,U
sh600887,伊利股份,13:17:05,26.94,8300,26.94,U
sh600887,伊利股份,13:17:41,26.94,9400,26.93,U
sh600887,伊利股份,13:17:47,26.93,8300,26.94,D
sh600887,伊利股份,13:17:50,26.93,8900,26.93,D
sh600887,伊利股份,13:18:47,26.93,18100,26.93,D
sh600887,伊利股份,13:19:17,26.93,16400,26.93,D
sh600887,伊利股份,13:19:44,26.93,7500,26.93,D
sh600887,伊利股份,13:19:59,26.93,9000,26.94,D
sh600887,伊利股份,13:20:26,26.94,25900,26.93,U
sh600887,伊利股份,13:20:29,26.93,15200,26.94,D
sh600887,伊利股份,13:20:32,26.93,10100,26.93,D
sh600887,伊利股份,13:21:02,26.92,9500,26.93,D
sh600887,伊利股份,13:21:17,26.92,8200,26.93,D
sh600887,伊利股份,13:21:32,26.92,49000,26.92,D
sh600887,伊利股份,13:21:35,26.92,10700,26.92,D
sh600887,伊利股份,13:21:50,26.93,20300,26.93,U
sh600887,伊利股份,13:22:05,26.93,21500,26.92,U
sh600887,伊利股份,13:22:11,26.93,20300,26.93,U
sh600887,伊利股份,13:23:02,26.93,12000,26.93,D
sh600887,伊利股份,13:23:05,26.93,14700,26.93,D
sh600887,伊利股份,13:23:20,26.93,22200,26.93,D
sh600887,伊利股份,13:23:23,26.93,9100,26.93,U
sh600887,伊利股份,13:23:29,26.93,8200,26.92,U
sh600887,伊利股份,13:23:38,26.93,14200,26.92,U
sh600887,伊利股份,13:23:41,26.92,11100,26.93,D
sh600887,伊利股份,13:24:08,26.93,24200,26.93,D
sh600887,伊利股份,13:25:11,26.93,18500,26.94,D
sh600887,伊利股份,13:25:17,26.93,43700,26.93,D
sh600887,伊利股份,13:25:20,26.93,11000,26.93,U
sh600887,伊利股份,13:25:23,26.92,21100,26.93,D
sh600887,伊利股份,13:25:29,26.93,8300,26.93,U
sh600887,伊利股份,13:25:35,26.93,8000,26.93,U
sh600887,伊利股份,13:25:59,26.93,10300,26.93,U
sh600887,伊利股份,13:26:38,26.92,10100,26.92,D
sh600887,伊利股份,13:27:02,26.93,7500,26.93,U
sh600887,伊利股份,13:27:05,26.92,17900,26.93,D
sh600887,伊利股份,13:27:08,26.92,10100,26.92,D
sh600887,伊利股份,13:27:29,26.92,7700,26.92,D
sh600887,伊利股份,13:27:53,26.93,13500,26.92,U
sh600887,伊利股份,13:28:20,26.93,9700,26.92,U
sh600887,伊利股份,13:28:47,26.92,13300,26.92,D
sh600887,伊利股份,13:29:05,26.92,11100,26.93,D
sh600887,伊利股份,13:29:11,26.92,7800,26.92,D
sh600887,伊利股份,13:29:20,26.93,7700,26.92,U
sh600887,伊利股份,13:29:29,26.92,8800,26.92,D
sh600887,伊利股份,13:30:56,26.92,8300,26.92,D
sh600887,伊利股份,13:31:17,26.92,9100,26.93,D
sh600887,伊利股份,13:31:23,26.93,12100,26.92,U
sh600887,伊利股份,13:31:38,26.93,22300,26.92,U
sh600887,伊利股份,13:31:41,26.92,33300,26.93,D
sh600887,伊利股份,13:31:44,26.93,9200,26.92,U
sh600887,伊利股份,13:31:47,26.93,47200,26.93,U
sh600887,伊利股份,13:31:50,26.92,21700,26.93,D
sh600887,伊利股份,13:31:53,26.93,18900,26.92,U
sh600887,伊利股份,13:31:56,26.92,8500,26.93,D
sh600887,伊利股份,13:32:32,26.93,8800,26.93,U
sh600887,伊利股份,13:32:53,26.92,11500,26.92,D
sh600887,伊利股份,13:33:41,26.93,13200,26.93,U
sh600887,伊利股份,13:33:47,26.93,8000,26.93,U
sh600887,伊利股份,13:33:53,26.92,14200,26.93,D
sh600887,伊利股份,13:34:08,26.92,8400,26.93,D
sh600887,伊利股份,13:34:11,26.93,59600,26.92,U
sh600887,伊利股份,13:34:17,26.93,14400,26.94,D
sh600887,伊利股份,13:34:32,26.93,8200,26.93,U
sh600887,伊利股份,13:34:56,26.93,9200,26.93,U
sh600887,伊利股份,13:35:29,26.94,19900,26.94,U
sh600887,伊利股份,13:36:08,26.94,7600,26.94,U
sh600887,伊利股份,13:36:11,26.94,44500,26.94,U
sh600887,伊利股份,13:36:17,26.94,12300,26.95,D
sh600887,伊利股份,13:36:29,26.94,7800,26.95,D
sh600887,伊利股份,13:37:41,26.94,14000,26.95,D
sh600887,伊利股份,13:37:56,26.93,13500,26.93,D
sh600887,伊利股份,13:38:35,26.94,10300,26.94,U
sh600887,伊利股份,13:39:59,26.93,8700,26.93,D
sh600887,伊利股份,13:40:05,26.93,8600,26.93,D
sh600887,伊利股份,13:40:08,26.93,9100,26.93,D
sh600887,伊利股份,13:40:14,26.93,23300,26.93,D
sh600887,伊利股份,13:40:17,26.94,12300,26.93,U
sh600887,伊利股份,13:40:32,26.94,11800,26.94,U
sh600887,伊利股份,13:40:53,26.94,30800,26.93,U
sh600887,伊利股份,13:40:59,26.93,9800,26.94,D
sh600887,伊利股份,13:41:02,26.93,34300,26.93,D
sh600887,伊利股份,13:42:11,26.93,17300,26.93,U
sh600887,伊利股份,13:42:14,26.92,10300,26.93,D
sh600887,伊利股份,13:42:20,26.92,9900,26.92,D
sh600887,伊利股份,13:42:23,26.93,7900,26.92,U
sh600887,伊利股份,13:42:59,26.92,11200,26.93,D
sh600887,伊利股份,13:43:05,26.93,8500,26.93,U
sh600887,伊利股份,13:43:11,26.93,12900,26.93,U
sh600887,伊利股份,13:43:17,26.92,11900,26.92,D
sh600887,伊利股份,13:43:23,26.93,19800,26.92,U
sh600887,伊利股份,13:43:26,26.92,18300,26.93,D
sh600887,伊利股份,13:43:32,26.92,21600,26.92,D
sh600887,伊利股份,13:43:59,26.92,70600,26.92,D
sh600887,伊利股份,13:44:02,26.92,8600,26.92,D
sh600887,伊利股份,13:44:05,26.92,18300,26.92,D
sh600887,伊利股份,13:44:08,26.91,14100,26.92,D
sh600887,伊利股份,13:44:11,26.92,14100,26.91,U
sh600887,伊利股份,13:44:38,26.92,18900,26.92,U
sh600887,伊利股份,13:44:41,26.92,16500,26.92,U
sh600887,伊利股份,13:44:50,26.91,19700,26.91,D
sh600887,伊利股份,13:45:50,26.91,8300,26.92,D
sh600887,伊利股份,13:45:56,26.92,22900,26.92,U
sh600887,伊利股份,13:46:02,26.92,11200,26.92,U
sh600887,伊利股份,13:46:11,26.91,36500,26.91,D
sh600887,伊利股份,13:46:20,26.91,16900,26.92,D
sh600887,伊利股份,13:46:23,26.92,46000,26.91,U
sh600887,伊利股份,13:46:44,26.91,9100,26.92,D
sh600887,伊利股份,13:47:17,26.91,8900,26.92,D
sh600887,伊利股份,13:47:20,26.92,23200,26.91,U
sh600887,伊利股份,13:47:26,26.91,8100,26.92,D
sh600887,伊利股份,13:47:32,26.91,8100,26.92,D
sh600887,伊利股份,13:47:35,26.92,8400,26.91,U
sh600887,伊利股份,13:47:41,26.92,20300,26.92,U
sh600887,伊利股份,13:48:11,26.92,8100,26.91,U
sh600887,伊利股份,13:48:56,26.91,92600,26.91,D
sh600887,伊利股份,13:48:59,26.92,21300,26.91,U
sh600887,伊利股份,13:49:11,26.91,19100,26.91,D
sh600887,伊利股份,13:49:56,26.92,21500,26.91,U
sh600887,伊利股份,13:50:11,26.92,12500,26.92,U
sh600887,伊利股份,13:50:26,26.92,14600,26.91,U
sh600887,伊利股份,13:50:32,26.91,8000,26.91,D
sh600887,伊利股份,13:50:38,26.92,31700,26.92,U
sh600887,伊利股份,13:51:02,26.92,109900,26.91,U
sh600887,伊利股份,13:51:05,26.92,37800,26.92,U
sh600887,伊利股份,13:51:08,26.92,11900,26.92,U
sh600887,伊利股份,13:51:11,26.91,15200,26.92,D
sh600887,伊利股份,13:51:17,26.92,22200,26.92,U
sh600887,伊利股份,13:51:41,26.93,37300,26.93,U
sh600887,伊利股份,13:52:05,26.93,20700,26.93,U
sh600887,伊利股份,13:52:23,26.93,7900,26.93,U
sh600887,伊利股份,13:52:50,26.93,73800,26.93,U
sh600887,伊利股份,13:53:08,26.94,17500,26.94,U
sh600887,伊利股份,13:53:20,26.94,12700,26.94,U
sh600887,伊利股份,13:54:32,26.94,10100,26.94,U
sh600887,伊利股份,13:54:44,26.95,62700,26.93,U
sh600887,伊利股份,13:55:02,26.95,39400,26.95,U
sh600887,伊利股份,13:55:05,26.96,12000,26.95,U
sh600887,伊利股份,13:55:11,26.96,7900,26.96,U
sh600887,伊利股份,13:56:29,26.97,10700,26.97,U
sh600887,伊利股份,13:56:32,26.97,11000,26.97,U
sh600887,伊利股份,13:57:02,26.96,17300,26.96,D
sh600887,伊利股份,13:58:05,26.96,10800,26.96,U
sh600887,伊利股份,13:58:32,26.95,20700,26.96,D
sh600887,伊利股份,13:58:35,26.94,10300,26.95,D
sh600887,伊利股份,13:59:14,26.94,10300,26.95,D
sh600887,伊利股份,13:59:23,26.95,9900,26.95,U
sh600887,伊利股份,13:59:26,26.95,8800,26.95,U
sh600887,伊利股份,13:59:35,26.96,67800,26.94,U
sh600887,伊利股份,13:59:41,26.96,13200,26.96,U
sh600887,伊利股份,13:59:53,26.95,10400,26.96,D
sh600887,伊利股份,14:00:05,26.96,65900,26.95,U
sh600887,伊利股份,14:00:17,26.97,8000,26.96,U
sh600887,伊利股份,14:00:56,26.96,23800,26.96,D
sh600887,伊利股份,14:01:02,26.96,8000,26.96,D
sh600887,伊利股份,14:01:35,26.96,39900,26.96,D
sh600887,伊利股份,14:01:38,26.96,11100,26.96,U
sh600887,伊利股份,14:01:47,26.95,10600,26.95,D
sh600887,伊利股份,14:02:02,26.94,14000,26.95,D
sh600887,伊利股份,14:02:05,26.94,7800,26.94,D
sh600887,伊利股份,14:03:23,26.93,7800,26.94,D
sh600887,伊利股份,14:03:32,26.93,17100,26.94,D
sh600887,伊利股份,14:03:59,26.93,8300,26.94,D
sh600887,伊利股份,14:04:32,26.93,7600,26.93,D
sh600887,伊利股份,14:04:35,26.93,7800,26.93,D
sh600887,伊利股份,14:04:44,26.92,10500,26.93,D
sh600887,伊利股份,14:05:17,26.93,10800,26.92,U
sh600887,伊利股份,14:05:35,26.92,36600,26.92,D
sh600887,伊利股份,14:05:59,26.93,83800,26.92,U
sh600887,伊利股份,14:06:02,26.93,23600,26.93,U
sh600887,伊利股份,14:06:05,26.94,8200,26.93,U
sh600887,伊利股份,14:07:05,26.95,50200,26.94,U
sh600887,伊利股份,14:09:47,26.94,9200,26.94,D
sh600887,伊利股份,14:09:53,26.94,15200,26.94,D
sh600887,伊利股份,14:10:02,26.95,36800,26.94,U
sh600887,伊利股份,14:10:14,26.94,10200,26.94,D
sh600887,伊利股份,14:10:23,26.94,7800,26.94,D
sh600887,伊利股份,14:10:32,26.93,16500,26.94,D
sh600887,伊利股份,14:12:02,26.95,110000,26.94,U
sh600887,伊利股份,14:12:05,26.95,12200,26.95,U
sh600887,伊利股份,14:12:08,26.95,11100,26.95,U
sh600887,伊利股份,14:12:11,26.95,11300,26.95,U
sh600887,伊利股份,14:12:14,26.94,11500,26.95,D
sh600887,伊利股份,14:12:17,26.95,12200,26.94,U
sh600887,伊利股份,14:12:20,26.95,13500,26.95,U
sh600887,伊利股份,14:12:23,26.95,27500,26.95,U
sh600887,伊利股份,14:12:29,26.95,8300,26.95,U
sh600887,伊利股份,14:12:38,26.95,10100,26.95,U
sh600887,伊利股份,14:12:44,26.96,7500,26.96,U
sh600887,伊利股份,14:13:02,26.96,10300,26.96,U
sh600887,伊利股份,14:13:05,26.96,28800,26.96,U
sh600887,伊利股份,14:13:53,26.96,7500,26.97,D
sh600887,伊利股份,14:14:08,26.97,38200,26.96,U
sh600887,伊利股份,14:14:20,26.96,12800,26.97,D
sh600887,伊利股份,14:14:23,26.97,10900,26.96,U
sh600887,伊利股份,14:15:26,26.97,13200,26.97,D
sh600887,伊利股份,14:16:29,26.98,55500,26.98,U
sh600887,伊利股份,14:16:56,26.96,7800,26.96,D
sh600887,伊利股份,14:17:02,26.97,12800,26.96,U
sh600887,伊利股份,14:17:17,26.96,20900,26.96,D
sh600887,伊利股份,14:17:20,26.95,7500,26.96,D
sh600887,伊利股份,14:17:26,26.95,19500,26.95,D
sh600887,伊利股份,14:17:32,26.95,17300,26.95,D
sh600887,伊利股份,14:17:35,26.95,12700,26.95,U
sh600887,伊利股份,14:17:38,26.95,24700,26.95,U
sh600887,伊利股份,14:17:44,26.95,11900,26.95,D
sh600887,伊利股份,14:17:56,26.96,11900,26.95,U
sh600887,伊利股份,14:18:26,26.95,8800,26.95,D
sh600887,伊利股份,14:19:02,26.96,50100,26.95,U
sh600887,伊利股份,14:19:05,26.96,23300,26.96,U
sh600887,伊利股份,14:19:08,26.96,9400,26.96,U
sh600887,伊利股份,14:19:20,26.96,7900,26.97,D
sh600887,伊利股份,14:20:14,26.96,65400,26.97,D
sh600887,伊利股份,14:21:02,26.96,16300,26.96,D
sh600887,伊利股份,14:21:17,26.96,12100,26.96,D
sh600887,伊利股份,14:21:29,26.95,17200,26.95,D
sh600887,伊利股份,14:21:47,26.95,7700,26.95,D
sh600887,伊利股份,14:22:08,26.96,15100,26.95,U
sh600887,伊利股份,14:22:11,26.96,18100,26.96,U
sh600887,伊利股份,14:22:17,26.96,7700,26.96,U
sh600887,伊利股份,14:22:32,26.97,11100,26.97,U
sh600887,伊利股份,14:23:35,26.96,10800,26.96,D
sh600887,伊利股份,14:23:53,26.96,8100,26.96,D
sh600887,伊利股份,14:24:02,26.97,8900,26.96,U
sh600887,伊利股份,14:24:11,26.98,117500,26.97,U
sh600887,伊利股份,14:24:17,26.98,8300,26.97,U
sh600887,伊利股份,14:24:29,26.98,9800,26.98,U
sh600887,伊利股份,14:24:41,26.98,17700,26.98,U
sh600887,伊利股份,14:25:08,26.98,17700,26.97,U
sh600887,伊利股份,14:25:26,26.97,16800,26.97,D
sh600887,伊利股份,14:26:14,26.97,14400,26.98,D
sh600887,伊利股份,14:26:41,26.96,16900,26.96,D
sh600887,伊利股份,14:26:47,26.96,8200,26.96,D
sh600887,伊利股份,14:26:53,26.96,8700,26.96,D
sh600887,伊利股份,14:27:02,26.96,9900,26.96,D
sh600887,伊利股份,14:27:11,26.95,13300,26.96,D
sh600887,伊利股份,14:27:14,26.95,10600,26.95,D
sh600887,伊利股份,14:27:23,26.95,24900,26.96,D
sh600887,伊利股份,14:27:32,26.95,13400,26.95,D
sh600887,伊利股份,14:27:50,26.95,11400,26.95,U
sh600887,伊利股份,14:28:14,26.94,11300,26.95,D
sh600887,伊利股份,14:28:47,26.96,92100,26.94,U
sh600887,伊利股份,14:28:50,26.95,30600,26.96,D
sh600887,伊利股份,14:29:32,26.96,8100,26.95,U
sh600887,伊利股份,14:30:35,26.95,17100,26.96,D
sh600887,伊利股份,14:30:56,26.96,18400,26.95,U
sh600887,伊利股份,14:31:29,26.95,16700,26.95,D
sh600887,伊利股份,14:31:44,26.96,7600,26.95,U
sh600887,伊利股份,14:32:50,26.95,17200,26.96,D
sh600887,伊利股份,14:32:53,26.95,9100,26.95,D
sh600887,伊利股份,14:33:02,26.95,29400,26.95,D
sh600887,伊利股份,14:33:05,26.95,8800,26.95,U
sh600887,伊利股份,14:33:17,26.94,15200,26.95,D
sh600887,伊利股份,14:33:20,26.95,10900,26.94,U
sh600887,伊利股份,14:33:35,26.95,16600,26.94,U
sh600887,伊利股份,14:33:44,26.94,30500,26.95,D
sh600887,伊利股份,14:34:05,26.94,14600,26.94,D
sh600887,伊利股份,14:34:08,26.95,10600,26.94,U
sh600887,伊利股份,14:34:14,26.94,12600,26.94,D
sh600887,伊利股份,14:34:17,26.94,17400,26.94,D
sh600887,伊利股份,14:34:32,26.93,10600,26.93,D
sh600887,伊利股份,14:34:35,26.93,10400,26.93,D
sh600887,伊利股份,14:35:02,26.93,10400,26.93,D
sh600887,伊利股份,14:35:20,26.93,11500,26.94,D
sh600887,伊利股份,14:35:26,26.93,17800,26.93,D
sh600887,伊利股份,14:35:29,26.93,22600,26.93,D
sh600887,伊利股份,14:35:32,26.93,10300,26.93,D
sh600887,伊利股份,14:35:35,26.93,27300,26.93,D
sh600887,伊利股份,14:35:50,26.93,15900,26.93,D
sh600887,伊利股份,14:36:14,26.92,8500,26.93,D
sh600887,伊利股份,14:36:32,26.92,20700,26.92,D
sh600887,伊利股份,14:37:29,26.92,10100,26.92,D
sh600887,伊利股份,14:37:35,26.92,17800,26.93,D
sh600887,伊利股份,14:37:38,26.92,19600,26.92,D
sh600887,伊利股份,14:37:56,26.92,21300,26.92,D
sh600887,伊利股份,14:37:59,26.91,87200,26.92,D
sh600887,伊利股份,14:38:02,26.91,19000,26.91,D
sh600887,伊利股份,14:38:14,26.91,28100,26.91,D
sh600887,伊利股份,14:38:23,26.91,55200,26.92,D
sh600887,伊利股份,14:38:26,26.92,35100,26.91,U
sh600887,伊利股份,14:38:29,26.92,11400,26.92,U
sh600887,伊利股份,14:38:32,26.92,7500,26.92,U
sh600887,伊利股份,14:39:08,26.92,8000,26.91,U
sh600887,伊利股份,14:39:32,26.92,24500,26.92,U
sh600887,伊利股份,14:39:35,26.92,11500,26.92,U
sh600887,伊利股份,14:40:08,26.92,11700,26.92,U
sh600887,伊利股份,14:40:11,26.91,13900,26.92,D
sh600887,伊利股份,14:40:14,26.91,9900,26.91,D
sh600887,伊利股份,14:40:29,26.91,8100,26.91,D
sh600887,伊利股份,14:40:47,26.92,7900,26.92,U
sh600887,伊利股份,14:40:50,26.92,20700,26.92,U
sh600887,伊利股份,14:40:53,26.91,37300,26.92,D
sh600887,伊利股份,14:41:14,26.91,11300,26.92,D
sh600887,伊利股份,14:41:23,26.91,28900,26.91,D
sh600887,伊利股份,14:41:44,26.91,14400,26.92,D
sh600887,伊利股份,14:42:05,26.92,9100,26.91,U
sh600887,伊利股份,14:42:17,26.91,21600,26.92,D
sh600887,伊利股份,14:42:35,26.91,8000,26.92,D
sh600887,伊利股份,14:42:38,26.92,15300,26.91,U
sh600887,伊利股份,14:42:44,26.92,8800,26.92,U
sh600887,伊利股份,14:42:47,26.91,11600,26.92,D
sh600887,伊利股份,14:42:50,26.92,80300,26.91,U
sh600887,伊利股份,14:42:59,26.92,16500,26.92,U
sh600887,伊利股份,14:43:05,26.92,42600,26.92,U
sh600887,伊利股份,14:43:08,26.92,9800,26.92,U
sh600887,伊利股份,14:43:11,26.93,206800,26.92,U
sh600887,伊利股份,14:43:14,26.93,74300,26.93,U
sh600887,伊利股份,14:44:11,26.93,16500,26.93,U
sh600887,伊利股份,14:44:17,26.93,12200,26.93,U
sh600887,伊利股份,14:44:23,26.93,31400,26.93,U
sh600887,伊利股份,14:44:26,26.93,7600,26.93,U
sh600887,伊利股份,14:44:29,26.93,13700,26.93,U
sh600887,伊利股份,14:44:50,26.93,13300,26.93,U
sh600887,伊利股份,14:44:56,26.92,11000,26.93,D
sh600887,伊利股份,14:45:32,26.93,47400,26.92,U
sh600887,伊利股份,14:45:35,26.92,12000,26.93,D
sh600887,伊利股份,14:45:41,26.93,10100,26.93,U
sh600887,伊利股份,14:45:44,26.92,22300,26.93,D
sh600887,伊利股份,14:45:50,26.92,28300,26.92,D
sh600887,伊利股份,14:46:08,26.93,10800,26.93,U
sh600887,伊利股份,14:46:17,26.93,7700,26.92,U
sh600887,伊利股份,14:46:32,26.92,8400,26.92,D
sh600887,伊利股份,14:47:05,26.92,8800,26.92,D
sh600887,伊利股份,14:47:29,26.92,10700,26.93,D
sh600887,伊利股份,14:47:35,26.92,8400,26.92,D
sh600887,伊利股份,14:48:02,26.93,30500,26.92,U
sh600887,伊利股份,14:48:08,26.93,11200,26.93,U
sh600887,伊利股份,14:48:32,26.93,9000,26.93,U
sh600887,伊利股份,14:48:44,26.93,10100,26.92,U
sh600887,伊利股份,14:48:56,26.92,17600,26.92,D
sh600887,伊利股份,14:49:02,26.93,14800,26.92,U
sh600887,伊利股份,14:49:05,26.93,19500,26.93,U
sh600887,伊利股份,14:49:08,26.92,27100,26.93,D
sh600887,伊利股份,14:49:11,26.93,17900,26.92,U
sh600887,伊利股份,14:49:56,26.93,15400,26.92,U
sh600887,伊利股份,14:49:59,26.93,10100,26.93,U
sh600887,伊利股份,14:50:02,26.92,16100,26.93,D
sh600887,伊利股份,14:50:05,26.92,12200,26.92,D
sh600887,伊利股份,14:50:08,26.92,19600,26.92,D
sh600887,伊利股份,14:50:17,26.93,19700,26.92,U
sh600887,伊利股份,14:50:44,26.93,10200,26.93,U
sh600887,伊利股份,14:50:47,26.93,38500,26.93,U
sh600887,伊利股份,14:50:50,26.93,106700,26.93,U
sh600887,伊利股份,14:50:53,26.93,12500,26.93,U
sh600887,伊利股份,14:50:59,26.93,37400,26.93,U
sh600887,伊利股份,14:51:02,26.93,27900,26.93,U
sh600887,伊利股份,14:51:20,26.94,19100,26.93,U
sh600887,伊利股份,14:51:23,26.92,9800,26.94,D
sh600887,伊利股份,14:51:26,26.92,8600,26.92,D
sh600887,伊利股份,14:51:44,26.94,10300,26.93,U
sh600887,伊利股份,14:52:23,26.93,19400,26.93,D
sh600887,伊利股份,14:52:44,26.94,14600,26.94,U
sh600887,伊利股份,14:53:05,26.93,17000,26.93,D
sh600887,伊利股份,14:53:08,26.93,37100,26.93,D
sh600887,伊利股份,14:53:29,26.94,11700,26.93,U
sh600887,伊利股份,14:53:35,26.94,11400,26.94,U
sh600887,伊利股份,14:53:47,26.94,13000,26.93,U
sh600887,伊利股份,14:54:02,26.93,8900,26.94,D
sh600887,伊利股份,14:54:08,26.94,9500,26.93,U
sh600887,伊利股份,14:54:23,26.94,13100,26.94,U
sh600887,伊利股份,14:54:26,26.93,14700,26.94,D
sh600887,伊利股份,14:54:32,26.93,7800,26.94,D
sh600887,伊利股份,14:54:35,26.94,8400,26.93,U
sh600887,伊利股份,14:55:02,26.93,8800,26.94,D
sh600887,伊利股份,14:55:05,26.93,35700,26.93,D
sh600887,伊利股份,14:55:32,26.94,11000,26.94,U
sh600887,伊利股份,14:55:41,26.93,25300,26.94,D
sh600887,伊利股份,14:55:44,26.94,9400,26.93,U
sh600887,伊利股份,14:55:50,26.95,28400,26.94,U
sh600887,伊利股份,14:55:53,26.95,10300,26.95,U
sh600887,伊利股份,14:55:56,26.93,14900,26.95,D
sh600887,伊利股份,14:56:17,26.93,11600,26.94,D
sh600887,伊利股份,14:56:44,26.94,11100,26.94,U
sh600887,伊利股份,14:56:59,26.93,24800,26.94,D
sh600887,伊利股份,14:57:02,26.95,11600,26.93,U
sh600887,伊利股份,15:00:01,26.95,294300,26.95,U
