symbol,name,ticktime,price,volume,prev_price,kind
sh600887,伊利股份,09:25:01,27.32,189500,0.0,U
sh600887,伊利股份,09:30:05,27.33,64900,27.33,U
sh600887,伊利股份,09:30:08,27.35,46400,27.33,U
sh600887,伊利股份,09:30:11,27.33,84300,27.35,D
sh600887,伊利股份,09:30:14,27.32,49000,27.33,D
sh600887,伊利股份,09:30:17,27.32,89600,27.32,D
sh600887,伊利股份,09:30:20,27.31,73100,27.32,D
sh600887,伊利股份,09:30:23,27.3,74600,27.31,D
sh600887,伊利股份,09:30:26,27.27,91100,27.3,D
sh600887,伊利股份,09:30:29,27.24,37100,27.27,D
sh600887,伊利股份,09:30:32,27.23,54700,27.24,D
sh600887,伊利股份,09:30:35,27.22,57500,27.23,D
sh600887,伊利股份,09:30:38,27.18,27600,27.22,D
sh600887,伊利股份,09:30:41,27.15,50900,27.18,D
sh600887,伊利股份,09:30:44,27.17,11100,27.15,U
sh600887,伊利股份,09:30:47,27.18,79000,27.17,U
sh600887,伊利股份,09:30:50,27.18,38500,27.18,D
sh600887,伊利股份,09:30:56,27.19,48700,27.18,U
sh600887,伊利股份,09:30:59,27.16,20500,27.19,D
sh600887,伊利股份,09:31:02,27.19,21000,27.16,U
sh600887,伊利股份,09:31:05,27.2,17600,27.19,E
sh600887,伊利股份,09:31:08,27.19,12200,27.2,D
sh600887,伊利股份,09:31:11,27.19,19200,27.19,D
sh600887,伊利股份,09:31:17,27.2,8200,27.19,U
sh600887,伊利股份,09:31:20,27.2,11200,27.2,U
sh600887,伊利股份,09:31:23,27.2,17100,27.2,U
sh600887,伊利股份,09:31:26,27.19,19600,27.2,D
sh600887,伊利股份,09:31:29,27.18,14200,27.19,D
sh600887,伊利股份,09:31:32,27.17,27300,27.18,D
sh600887,伊利股份,09:31:35,27.15,43900,27.17,D
sh600887,伊利股份,09:31:38,27.15,53400,27.15,D
sh600887,伊利股份,09:31:41,27.12,16900,27.15,D
sh600887,伊利股份,09:31:44,27.13,33600,27.12,D
sh600887,伊利股份,09:31:47,27.13,15800,27.13,D
sh600887,伊利股份,09:31:50,27.13,8000,27.13,E
sh600887,伊利股份,09:31:53,27.12,41800,27.13,D
sh600887,伊利股份,09:31:56,27.12,40700,27.12,U
sh600887,伊利股份,09:31:59,27.12,76400,27.12,D
sh600887,伊利股份,09:32:02,27.11,19400,27.12,U
sh600887,伊利股份,09:32:05,27.08,22300,27.11,D
sh600887,伊利股份,09:32:08,27.09,20700,27.08,U
sh600887,伊利股份,09:32:11,27.07,20300,27.09,D
sh600887,伊利股份,09:32:14,27.07,40600,27.07,D
sh600887,伊利股份,09:32:20,27.1,60800,27.09,U
sh600887,伊利股份,09:32:23,27.11,72400,27.1,U
sh600887,伊利股份,09:32:26,27.13,19400,27.11,E
sh600887,伊利股份,09:32:29,27.13,11900,27.13,U
sh600887,伊利股份,09:32:32,27.12,13600,27.13,D
sh600887,伊利股份,09:32:35,27.13,18300,27.12,U
sh600887,伊利股份,09:32:38,27.13,32700,27.13,D
sh600887,伊利股份,09:32:41,27.15,31100,27.13,E
sh600887,伊利股份,09:32:44,27.16,33700,27.15,E
sh600887,伊利股份,09:32:50,27.15,60700,27.16,D
sh600887,伊利股份,09:32:53,27.15,10100,27.15,U
sh600887,伊利股份,09:32:56,27.13,15600,27.15,D
sh600887,伊利股份,09:32:59,27.13,20700,27.13,U
sh600887,伊利股份,09:33:02,27.13,29300,27.13,D
sh600887,伊利股份,09:33:05,27.1,111300,27.13,D
sh600887,伊利股份,09:33:08,27.1,21600,27.1,U
sh600887,伊利股份,09:33:11,27.09,20400,27.1,D
sh600887,伊利股份,09:33:14,27.1,8700,27.09,U
sh600887,伊利股份,09:33:17,27.1,27300,27.1,U
sh600887,伊利股份,09:33:23,27.1,8500,27.09,E
sh600887,伊利股份,09:33:29,27.1,33100,27.1,U
sh600887,伊利股份,09:33:32,27.1,15700,27.1,U
sh600887,伊利股份,09:33:35,27.1,30200,27.1,U
sh600887,伊利股份,09:33:38,27.11,54200,27.1,U
sh600887,伊利股份,09:33:44,27.09,85400,27.1,D
sh600887,伊利股份,09:33:47,27.09,25400,27.09,U
sh600887,伊利股份,09:33:50,27.09,87200,27.09,U
sh600887,伊利股份,09:33:53,27.09,17200,27.09,D
sh600887,伊利股份,09:33:56,27.09,24800,27.09,D
sh600887,伊利股份,09:33:59,27.1,27300,27.09,U
sh600887,伊利股份,09:34:02,27.09,14400,27.1,D
sh600887,伊利股份,09:34:08,27.09,12800,27.09,D
sh600887,伊利股份,09:34:11,27.09,75100,27.09,D
sh600887,伊利股份,09:34:14,27.09,69500,27.09,U
sh600887,伊利股份,09:34:17,27.09,14900,27.09,U
sh600887,伊利股份,09:34:20,27.08,25500,27.09,D
sh600887,伊利股份,09:34:23,27.09,64100,27.08,U
sh600887,伊利股份,09:34:26,27.1,14200,27.09,U
sh600887,伊利股份,09:34:29,27.09,31800,27.1,D
sh600887,伊利股份,09:34:32,27.1,9300,27.09,U
sh600887,伊利股份,09:34:35,27.09,21100,27.1,D
sh600887,伊利股份,09:34:38,27.09,13800,27.09,U
sh600887,伊利股份,09:34:41,27.09,10800,27.09,D
sh600887,伊利股份,09:34:44,27.08,22700,27.09,D
sh600887,伊利股份,09:34:47,27.09,10200,27.08,U
sh600887,伊利股份,09:34:50,27.09,8900,27.09,U
sh600887,伊利股份,09:34:53,27.09,200100,27.09,U
sh600887,伊利股份,09:34:56,27.09,33100,27.09,U
sh600887,伊利股份,09:34:59,27.08,10100,27.09,D
sh600887,伊利股份,09:35:02,27.09,28500,27.08,U
sh600887,伊利股份,09:35:05,27.09,32200,27.09,U
sh600887,伊利股份,09:35:08,27.08,35000,27.09,D
sh600887,伊利股份,09:35:11,27.08,12100,27.08,U
sh600887,伊利股份,09:35:14,27.08,23200,27.08,U
sh600887,伊利股份,09:35:17,27.07,42400,27.08,D
sh600887,伊利股份,09:35:20,27.08,44400,27.07,U
sh600887,伊利股份,09:35:23,27.1,45800,27.08,U
sh600887,伊利股份,09:35:26,27.07,38600,27.1,D
sh600887,伊利股份,09:35:29,27.08,24700,27.07,U
sh600887,伊利股份,09:35:32,27.08,33000,27.08,U
sh600887,伊利股份,09:35:35,27.08,8500,27.08,D
sh600887,伊利股份,09:35:38,27.08,66800,27.08,D
sh600887,伊利股份,09:35:41,27.08,62700,27.08,D
sh600887,伊利股份,09:35:44,27.08,37200,27.08,D
sh600887,伊利股份,09:35:47,27.08,11700,27.08,U
sh600887,伊利股份,09:35:50,27.08,27000,27.08,U
sh600887,伊利股份,09:35:53,27.08,16500,27.08,D
sh600887,伊利股份,09:35:56,27.08,8800,27.08,D
sh600887,伊利股份,09:36:02,27.08,19700,27.08,D
sh600887,伊利股份,09:36:05,27.08,71000,27.08,U
sh600887,伊利股份,09:36:08,27.1,34200,27.08,U
sh600887,伊利股份,09:36:11,27.09,13100,27.1,D
sh600887,伊利股份,09:36:14,27.09,7700,27.09,D
sh600887,伊利股份,09:36:17,27.1,15400,27.09,U
sh600887,伊利股份,09:36:23,27.1,27300,27.1,U
sh600887,伊利股份,09:36:26,27.1,20900,27.1,U
sh600887,伊利股份,09:36:29,27.1,19700,27.1,U
sh600887,伊利股份,09:36:32,27.09,41900,27.1,D
sh600887,伊利股份,09:36:35,27.1,20000,27.09,U
sh600887,伊利股份,09:36:38,27.1,20200,27.1,U
sh600887,伊利股份,09:36:41,27.1,22900,27.1,U
sh600887,伊利股份,09:36:44,27.1,15200,27.1,U
sh600887,伊利股份,09:36:47,27.1,7700,27.1,U
sh600887,伊利股份,09:36:50,27.1,19400,27.1,U
sh600887,伊利股份,09:36:53,27.09,15900,27.1,D
sh600887,伊利股份,09:36:56,27.09,28700,27.09,D
sh600887,伊利股份,09:37:02,27.1,18100,27.1,U
sh600887,伊利股份,09:37:05,27.09,18700,27.1,D
sh600887,伊利股份,09:37:08,27.1,11400,27.09,E
sh600887,伊利股份,09:37:11,27.09,17500,27.1,D
sh600887,伊利股份,09:37:14,27.09,13000,27.09,D
sh600887,伊利股份,09:37:17,27.09,41900,27.09,D
sh600887,伊利股份,09:37:20,27.1,34500,27.09,U
sh600887,伊利股份,09:37:23,27.1,9700,27.1,U
sh600887,伊利股份,09:37:26,27.07,216200,27.1,D
sh600887,伊利股份,09:37:29,27.06,82400,27.07,D
sh600887,伊利股份,09:37:32,27.06,49500,27.06,U
sh600887,伊利股份,09:37:35,27.06,18600,27.06,U
sh600887,伊利股份,09:37:38,27.06,10000,27.06,U
sh600887,伊利股份,09:37:41,27.06,38300,27.06,U
sh600887,伊利股份,09:37:44,27.06,16000,27.06,U
sh600887,伊利股份,09:37:50,27.06,10200,27.06,U
sh600887,伊利股份,09:37:53,27.05,10700,27.06,D
sh600887,伊利股份,09:37:56,27.06,13300,27.05,D
sh600887,伊利股份,09:37:59,27.06,8900,27.06,D
sh600887,伊利股份,09:38:02,27.06,17100,27.06,D
sh600887,伊利股份,09:38:05,27.06,24800,27.06,D
sh600887,伊利股份,09:38:08,27.05,12300,27.06,D
sh600887,伊利股份,09:38:11,27.07,81100,27.05,U
sh600887,伊利股份,09:38:14,27.05,238700,27.07,D
sh600887,伊利股份,09:38:17,27.05,76100,27.05,D
sh600887,伊利股份,09:38:20,27.05,21500,27.05,D
sh600887,伊利股份,09:38:23,27.05,37900,27.05,D
sh600887,伊利股份,09:38:26,27.05,61800,27.05,U
sh600887,伊利股份,09:38:29,27.05,18100,27.05,U
sh600887,伊利股份,09:38:32,27.05,16700,27.05,U
sh600887,伊利股份,09:38:35,27.05,27900,27.05,U
sh600887,伊利股份,09:38:38,27.05,15200,27.05,U
sh600887,伊利股份,09:38:41,27.05,66200,27.05,U
sh600887,伊利股份,09:38:44,27.02,160100,27.05,D
sh600887,伊利股份,09:38:47,27.01,179400,27.02,D
sh600887,伊利股份,09:38:50,27.01,139300,27.01,D
sh600887,伊利股份,09:38:53,27.0,44300,27.01,D
sh600887,伊利股份,09:38:56,27.01,29800,27.0,U
sh600887,伊利股份,09:38:59,27.0,84600,27.01,D
sh600887,伊利股份,09:39:02,27.0,83500,27.0,D
sh600887,伊利股份,09:39:05,26.97,259900,27.0,D
sh600887,伊利股份,09:39:08,26.97,117900,26.97,D
sh600887,伊利股份,09:39:11,26.96,65700,26.97,D
sh600887,伊利股份,09:39:14,26.92,42600,26.96,D
sh600887,伊利股份,09:39:17,26.93,29300,26.92,E
sh600887,伊利股份,09:39:20,26.93,59600,26.93,U
sh600887,伊利股份,09:39:23,26.94,25900,26.93,U
sh600887,伊利股份,09:39:26,26.93,102600,26.94,D
sh600887,伊利股份,09:39:29,26.93,107000,26.93,U
sh600887,伊利股份,09:39:32,26.93,42700,26.93,D
sh600887,伊利股份,09:39:35,26.94,23300,26.93,U
sh600887,伊利股份,09:39:38,26.97,44100,26.94,U
sh600887,伊利股份,09:39:41,26.95,12600,26.97,D
sh600887,伊利股份,09:39:44,26.94,46600,26.95,D
sh600887,伊利股份,09:39:47,26.94,64900,26.94,U
sh600887,伊利股份,09:39:50,26.93,57600,26.94,D
sh600887,伊利股份,09:39:53,26.93,23700,26.93,U
sh600887,伊利股份,09:39:56,26.92,72400,26.93,D
sh600887,伊利股份,09:39:59,26.91,88100,26.92,D
sh600887,伊利股份,09:40:02,26.91,106200,26.91,D
sh600887,伊利股份,09:40:05,26.87,390000,26.91,D
sh600887,伊利股份,09:40:08,26.89,38500,26.87,U
sh600887,伊利股份,09:40:11,26.88,66000,26.89,D
sh600887,伊利股份,09:40:14,26.86,24800,26.88,D
sh600887,伊利股份,09:40:17,26.87,21100,26.86,U
sh600887,伊利股份,09:40:20,26.88,197700,26.87,U
sh600887,伊利股份,09:40:23,26.88,107200,26.88,U
sh600887,伊利股份,09:40:26,26.91,69100,26.88,U
sh600887,伊利股份,09:40:29,26.9,73600,26.91,E
sh600887,伊利股份,09:40:32,26.88,17000,26.9,D
sh600887,伊利股份,09:40:38,26.89,11900,26.89,U
sh600887,伊利股份,09:40:41,26.88,46700,26.89,D
sh600887,伊利股份,09:40:44,26.89,24300,26.88,U
sh600887,伊利股份,09:40:47,26.89,41800,26.89,D
sh600887,伊利股份,09:40:50,26.9,7900,26.89,U
sh600887,伊利股份,09:40:53,26.89,34100,26.9,D
sh600887,伊利股份,09:40:56,26.89,33400,26.89,U
sh600887,伊利股份,09:40:59,26.88,16900,26.89,D
sh600887,伊利股份,09:41:02,26.89,38000,26.88,U
sh600887,伊利股份,09:41:05,26.89,92600,26.89,U
sh600887,伊利股份,09:41:08,26.89,19500,26.89,U
sh600887,伊利股份,09:41:11,26.87,48000,26.89,D
sh600887,伊利股份,09:41:14,26.88,17000,26.87,U
sh600887,伊利股份,09:41:17,26.88,24800,26.88,U
sh600887,伊利股份,09:41:20,26.89,82100,26.88,U
sh600887,伊利股份,09:41:23,26.89,98000,26.89,U
sh600887,伊利股份,09:41:29,26.89,67700,26.89,U
sh600887,伊利股份,09:41:32,26.88,43300,26.89,D
sh600887,伊利股份,09:41:35,26.89,12400,26.88,U
sh600887,伊利股份,09:41:38,26.88,17400,26.89,D
sh600887,伊利股份,09:41:44,26.88,38900,26.89,D
sh600887,伊利股份,09:41:47,26.89,58200,26.88,U
sh600887,伊利股份,09:41:50,26.89,25100,26.89,U
sh600887,伊利股份,09:41:53,26.89,23100,26.89,U
sh600887,伊利股份,09:41:56,26.9,9700,26.89,U
sh600887,伊利股份,09:41:59,26.9,21800,26.9,U
sh600887,伊利股份,09:42:02,26.9,19400,26.9,U
sh600887,伊利股份,09:42:05,26.9,10400,26.9,U
sh600887,伊利股份,09:42:08,26.89,21200,26.9,D
sh600887,伊利股份,09:42:17,26.91,37400,26.91,U
sh600887,伊利股份,09:42:20,26.91,28600,26.91,U
sh600887,伊利股份,09:42:23,26.91,24900,26.91,U
sh600887,伊利股份,09:42:26,26.91,19500,26.91,U
sh600887,伊利股份,09:42:29,26.91,21600,26.91,U
sh600887,伊利股份,09:42:32,26.91,8300,26.91,D
sh600887,伊利股份,09:42:35,26.92,8200,26.91,U
sh600887,伊利股份,09:42:38,26.91,49700,26.92,D
sh600887,伊利股份,09:42:41,26.89,307100,26.91,D
sh600887,伊利股份,09:42:44,26.88,287900,26.89,D
sh600887,伊利股份,09:42:47,26.89,11900,26.88,U
sh600887,伊利股份,09:42:50,26.89,13600,26.89,U
sh600887,伊利股份,09:42:53,26.88,16700,26.89,D
sh600887,伊利股份,09:42:56,26.89,48400,26.88,U
sh600887,伊利股份,09:42:59,26.9,28300,26.89,U
sh600887,伊利股份,09:43:05,26.87,238300,26.89,D
sh600887,伊利股份,09:43:08,26.9,63900,26.87,U
sh600887,伊利股份,09:43:11,26.89,9600,26.9,D
sh600887,伊利股份,09:43:14,26.88,7700,26.89,D
sh600887,伊利股份,09:43:17,26.88,25500,26.88,D
sh600887,伊利股份,09:43:20,26.88,11600,26.88,D
sh600887,伊利股份,09:43:23,26.89,19000,26.88,U
sh600887,伊利股份,09:43:26,26.88,15200,26.89,D
sh600887,伊利股份,09:43:29,26.89,38200,26.88,U
sh600887,伊利股份,09:43:32,26.89,29700,26.89,U
sh600887,伊利股份,09:43:38,26.89,15200,26.89,U
sh600887,伊利股份,09:43:41,26.88,15900,26.89,D
sh600887,伊利股份,09:43:44,26.89,26300,26.88,U
sh600887,伊利股份,09:43:47,26.88,108100,26.89,D
sh600887,伊利股份,09:43:50,26.88,15700,26.88,U
sh600887,伊利股份,09:43:53,26.87,13500,26.88,D
sh600887,伊利股份,09:43:56,26.87,13200,26.87,D
sh600887,伊利股份,09:43:59,26.88,21500,26.87,U
sh600887,伊利股份,09:44:02,26.87,12100,26.88,D
sh600887,伊利股份,09:44:05,26.86,421600,26.87,D
sh600887,伊利股份,09:44:08,26.87,20300,26.86,U
sh600887,伊利股份,09:44:11,26.87,34200,26.87,U
sh600887,伊利股份,09:44:17,26.86,18700,26.86,D
sh600887,伊利股份,09:44:20,26.86,107900,26.86,D
sh600887,伊利股份,09:44:23,26.86,17400,26.86,D
sh600887,伊利股份,09:44:26,26.86,323900,26.86,D
sh600887,伊利股份,09:44:29,26.86,11500,26.86,U
sh600887,伊利股份,09:44:32,26.86,60300,26.86,U
sh600887,伊利股份,09:44:35,26.86,9200,26.86,U
sh600887,伊利股份,09:44:38,26.86,20900,26.86,U
sh600887,伊利股份,09:44:41,26.86,14000,26.86,U
sh600887,伊利股份,09:44:44,26.86,25000,26.86,D
sh600887,伊利股份,09:44:47,26.86,51100,26.86,U
sh600887,伊利股份,09:44:53,26.87,14700,26.86,U
sh600887,伊利股份,09:44:56,26.86,14100,26.87,E
sh600887,伊利股份,09:44:59,26.86,9000,26.86,U
sh600887,伊利股份,09:45:02,26.86,45300,26.86,U
sh600887,伊利股份,09:45:05,26.86,31900,26.86,D
sh600887,伊利股份,09:45:08,26.85,30313,26.86,D
sh600887,伊利股份,09:45:11,26.86,11400,26.85,U
sh600887,伊利股份,09:45:17,26.86,11800,26.86,D
sh600887,伊利股份,09:45:20,26.87,24500,26.86,U
sh600887,伊利股份,09:45:23,26.86,60000,26.87,D
sh600887,伊利股份,09:45:26,26.86,11100,26.86,D
sh600887,伊利股份,09:45:29,26.87,12100,26.86,U
sh600887,伊利股份,09:45:32,26.87,32000,26.87,U
sh600887,伊利股份,09:45:35,26.87,17200,26.87,U
sh600887,伊利股份,09:45:41,26.87,25300,26.87,D
sh600887,伊利股份,09:45:44,26.87,34400,26.87,D
sh600887,伊利股份,09:45:47,26.87,23000,26.87,D
sh600887,伊利股份,09:45:50,26.87,17600,26.87,U
sh600887,伊利股份,09:45:53,26.86,66200,26.87,D
sh600887,伊利股份,09:45:56,26.87,12200,26.86,U
sh600887,伊利股份,09:45:59,26.87,134800,26.87,U
sh600887,伊利股份,09:46:02,26.86,50000,26.87,D
sh600887,伊利股份,09:46:05,26.87,28300,26.86,U
sh600887,伊利股份,09:46:08,26.87,39900,26.87,U
sh600887,伊利股份,09:46:14,26.87,13500,26.87,U
sh600887,伊利股份,09:46:17,26.86,10200,26.87,D
sh600887,伊利股份,09:46:20,26.87,31700,26.86,U
sh600887,伊利股份,09:46:29,26.89,119800,26.88,U
sh600887,伊利股份,09:46:32,26.92,115100,26.89,U
sh600887,伊利股份,09:46:38,26.92,16300,26.92,U
sh600887,伊利股份,09:46:41,26.92,8500,26.92,U
sh600887,伊利股份,09:46:44,26.92,21000,26.92,U
sh600887,伊利股份,09:46:53,26.92,13400,26.92,D
sh600887,伊利股份,09:47:02,26.92,36200,26.93,D
sh600887,伊利股份,09:47:05,26.92,24500,26.92,D
sh600887,伊利股份,09:47:08,26.92,20200,26.92,D
sh600887,伊利股份,09:47:11,26.91,14900,26.92,D
sh600887,伊利股份,09:47:14,26.91,13400,26.91,D
sh600887,伊利股份,09:47:17,26.91,18000,26.91,U
sh600887,伊利股份,09:47:20,26.9,26700,26.91,D
sh600887,伊利股份,09:47:23,26.91,7800,26.9,U
sh600887,伊利股份,09:47:32,26.91,18000,26.91,U
sh600887,伊利股份,09:47:41,26.91,11300,26.91,U
sh600887,伊利股份,09:47:44,26.91,17400,26.91,U
sh600887,伊利股份,09:47:50,26.91,37200,26.91,U
sh600887,伊利股份,09:47:53,26.91,14500,26.91,U
sh600887,伊利股份,09:47:59,26.91,8300,26.9,U
sh600887,伊利股份,09:48:05,26.9,14900,26.91,D
sh600887,伊利股份,09:48:08,26.91,9000,26.9,U
sh600887,伊利股份,09:48:11,26.91,8700,26.91,U
sh600887,伊利股份,09:48:14,26.9,11500,26.91,D
sh600887,伊利股份,09:48:20,26.9,8900,26.9,D
sh600887,伊利股份,09:48:23,26.91,123600,26.9,U
sh600887,伊利股份,09:48:29,26.92,8900,26.91,U
sh600887,伊利股份,09:48:38,26.91,16800,26.92,D
sh600887,伊利股份,09:48:41,26.9,38300,26.91,D
sh600887,伊利股份,09:48:44,26.89,213700,26.9,D
sh600887,伊利股份,09:48:47,26.89,28300,26.89,U
sh600887,伊利股份,09:48:50,26.89,33600,26.89,U
sh600887,伊利股份,09:48:53,26.89,12800,26.89,U
sh600887,伊利股份,09:48:59,26.89,16700,26.89,U
sh600887,伊利股份,09:49:02,26.89,13700,26.89,U
sh600887,伊利股份,09:49:05,26.89,35600,26.89,U
sh600887,伊利股份,09:49:20,26.9,11900,26.9,U
sh600887,伊利股份,09:49:23,26.9,10900,26.9,U
sh600887,伊利股份,09:49:29,26.9,14200,26.9,U
sh600887,伊利股份,09:49:32,26.9,42000,26.9,U
sh600887,伊利股份,09:49:35,26.9,11500,26.9,U
sh600887,伊利股份,09:49:38,26.9,11000,26.9,D
sh600887,伊利股份,09:49:41,26.91,7500,26.9,U
sh600887,伊利股份,09:49:44,26.9,16000,26.91,D
sh600887,伊利股份,09:49:53,26.9,10400,26.91,D
sh600887,伊利股份,09:49:56,26.9,13900,26.9,D
sh600887,伊利股份,09:49:59,26.91,17600,26.9,U
sh600887,伊利股份,09:50:05,26.91,23000,26.91,U
sh600887,伊利股份,09:50:08,26.91,19300,26.91,U
sh600887,伊利股份,09:50:11,26.9,9800,26.91,D
sh600887,伊利股份,09:50:14,26.9,101300,26.9,D
sh600887,伊利股份,09:50:17,26.9,18000,26.9,U
sh600887,伊利股份,09:50:20,26.89,84900,26.9,D
sh600887,伊利股份,09:50:23,26.9,29200,26.89,U
sh600887,伊利股份,09:50:29,26.89,9600,26.89,U
sh600887,伊利股份,09:50:35,26.88,12900,26.89,D
sh600887,伊利股份,09:50:38,26.88,31100,26.88,D
sh600887,伊利股份,09:50:41,26.88,30300,26.88,D
sh600887,伊利股份,09:50:47,26.89,12700,26.89,U
sh600887,伊利股份,09:50:53,26.89,8500,26.89,U
sh600887,伊利股份,09:50:56,26.89,9200,26.89,U
sh600887,伊利股份,09:51:02,26.89,12200,26.89,U
sh600887,伊利股份,09:51:05,26.89,9300,26.89,U
sh600887,伊利股份,09:51:20,26.9,28200,26.89,U
sh600887,伊利股份,09:51:23,26.9,17600,26.9,U
sh600887,伊利股份,09:51:35,26.9,37800,26.9,U
sh600887,伊利股份,09:51:38,26.9,13600,26.9,U
sh600887,伊利股份,09:51:41,26.89,25200,26.9,D
sh600887,伊利股份,09:51:50,26.89,42600,26.89,U
sh600887,伊利股份,09:51:53,26.89,8500,26.89,D
sh600887,伊利股份,09:51:59,26.89,10000,26.89,D
sh600887,伊利股份,09:52:14,26.9,9600,26.9,U
sh600887,伊利股份,09:52:20,26.89,52300,26.9,D
sh600887,伊利股份,09:52:29,26.89,8600,26.89,D
sh600887,伊利股份,09:52:32,26.9,9900,26.89,U
sh600887,伊利股份,09:52:35,26.89,11300,26.9,D
sh600887,伊利股份,09:52:41,26.9,18600,26.89,U
sh600887,伊利股份,09:52:47,26.9,8500,26.9,U
sh600887,伊利股份,09:52:53,26.89,10800,26.9,D
sh600887,伊利股份,09:52:56,26.9,15100,26.89,U
sh600887,伊利股份,09:52:59,26.9,12400,26.9,U
sh600887,伊利股份,09:53:14,26.9,12300,26.9,U
sh600887,伊利股份,09:53:23,26.9,9700,26.9,U
sh600887,伊利股份,09:53:35,26.9,9300,26.9,U
sh600887,伊利股份,09:53:38,26.89,23800,26.9,D
sh600887,伊利股份,09:53:44,26.9,43100,26.9,U
sh600887,伊利股份,09:53:56,26.9,39100,26.9,U
sh600887,伊利股份,09:54:02,26.9,15400,26.89,U
sh600887,伊利股份,09:54:08,26.9,26800,26.9,U
sh600887,伊利股份,09:54:11,26.9,11700,26.9,U
sh600887,伊利股份,09:54:14,26.9,27700,26.9,U
sh600887,伊利股份,09:54:17,26.9,8100,26.9,U
sh600887,伊利股份,09:54:20,26.9,7600,26.9,U
sh600887,伊利股份,09:54:26,26.89,15300,26.9,D
sh600887,伊利股份,09:54:29,26.88,63100,26.89,D
sh600887,伊利股份,09:54:32,26.89,9100,26.88,D
sh600887,伊利股份,09:54:35,26.89,12700,26.89,U
sh600887,伊利股份,09:54:50,26.88,15000,26.89,D
sh600887,伊利股份,09:54:59,26.9,7900,26.89,U
sh600887,伊利股份,09:55:02,26.89,14100,26.9,D
sh600887,伊利股份,09:55:05,26.89,8600,26.89,U
sh600887,伊利股份,09:55:08,26.89,23100,26.89,U
sh600887,伊利股份,09:55:14,26.88,34300,26.89,D
sh600887,伊利股份,09:55:17,26.89,18500,26.88,U
sh600887,伊利股份,09:55:20,26.88,41400,26.89,D
sh600887,伊利股份,09:55:32,26.89,15700,26.9,D
sh600887,伊利股份,09:55:35,26.9,58200,26.89,U
sh600887,伊利股份,09:55:38,26.89,9700,26.9,D
sh600887,伊利股份,09:55:41,26.89,11854,26.89,D
sh600887,伊利股份,09:55:44,26.89,18246,26.89,U
sh600887,伊利股份,09:55:47,26.9,41400,26.89,U
sh600887,伊利股份,09:55:50,26.89,32600,26.9,D
sh600887,伊利股份,09:55:53,26.9,11900,26.89,U
sh600887,伊利股份,09:55:56,26.89,34100,26.9,D
sh600887,伊利股份,09:56:02,26.9,10000,26.9,U
sh600887,伊利股份,09:56:08,26.9,9100,26.9,U
sh600887,伊利股份,09:56:11,26.9,90800,26.9,U
sh600887,伊利股份,09:56:14,26.93,22200,26.9,U
sh600887,伊利股份,09:56:23,26.92,11900,26.92,D
sh600887,伊利股份,09:56:26,26.93,14800,26.92,U
sh600887,伊利股份,09:56:32,26.93,54000,26.92,U
sh600887,伊利股份,09:56:44,26.93,43500,26.93,U
sh600887,伊利股份,09:56:47,26.93,17300,26.93,U
sh600887,伊利股份,09:56:50,26.92,17300,26.93,D
sh600887,伊利股份,09:56:53,26.95,57300,26.92,U
sh600887,伊利股份,09:57:08,26.94,65500,26.94,U
sh600887,伊利股份,09:57:14,26.94,10800,26.94,D
sh600887,伊利股份,09:57:17,26.95,21600,26.94,U
sh600887,伊利股份,09:57:32,26.95,11400,26.95,D
sh600887,伊利股份,09:57:38,26.96,84100,26.96,U
sh600887,伊利股份,09:57:44,26.95,7600,26.96,D
sh600887,伊利股份,09:57:47,26.96,9900,26.95,U
sh600887,伊利股份,09:57:50,26.95,138700,26.96,D
sh600887,伊利股份,09:57:53,26.96,14300,26.95,U
sh600887,伊利股份,09:58:02,26.96,7800,26.96,U
sh600887,伊利股份,09:58:05,26.97,20100,26.96,U
sh600887,伊利股份,09:58:08,26.97,9700,26.97,D
sh600887,伊利股份,09:58:14,26.97,13600,26.97,D
sh600887,伊利股份,09:58:20,26.97,15800,26.96,U
sh600887,伊利股份,09:58:23,26.97,15100,26.97,U
sh600887,伊利股份,09:58:32,26.97,57300,26.97,U
sh600887,伊利股份,09:58:41,26.98,12500,26.98,U
sh600887,伊利股份,09:58:50,26.98,16700,26.98,U
sh600887,伊利股份,09:58:53,26.97,11900,26.98,D
sh600887,伊利股份,09:58:56,26.98,23000,26.97,U
sh600887,伊利股份,09:58:59,26.98,20400,26.98,U
sh600887,伊利股份,09:59:05,27.0,33700,26.98,U
sh600887,伊利股份,09:59:08,26.99,14100,27.0,D
sh600887,伊利股份,09:59:17,26.99,9300,27.0,D
sh600887,伊利股份,09:59:20,26.98,10700,26.99,D
sh600887,伊利股份,09:59:23,26.99,28200,26.98,U
sh600887,伊利股份,09:59:26,27.0,9000,26.99,U
sh600887,伊利股份,09:59:32,27.0,10200,26.99,U
sh600887,伊利股份,09:59:35,27.01,41000,27.0,U
sh600887,伊利股份,09:59:38,27.0,8800,27.01,D
sh600887,伊利股份,09:59:50,27.01,10900,27.0,U
sh600887,伊利股份,09:59:53,27.01,25200,27.01,U
sh600887,伊利股份,10:00:05,27.02,18500,27.02,U
sh600887,伊利股份,10:00:11,27.01,10800,27.02,D
sh600887,伊利股份,10:00:14,27.01,13700,27.01,D
sh600887,伊利股份,10:00:17,27.01,20000,27.01,D
sh600887,伊利股份,10:00:20,27.01,17600,27.01,D
sh600887,伊利股份,10:00:23,27.01,37600,27.01,D
sh600887,伊利股份,10:00:26,27.0,12200,27.01,D
sh600887,伊利股份,10:00:29,27.0,28900,27.0,D
sh600887,伊利股份,10:00:32,27.0,29300,27.0,D
sh600887,伊利股份,10:00:35,27.0,9600,27.0,U
sh600887,伊利股份,10:00:38,26.99,7700,27.0,D
sh600887,伊利股份,10:00:41,26.99,53200,26.99,U
sh600887,伊利股份,10:00:47,26.98,8600,26.99,D
sh600887,伊利股份,10:00:53,26.99,17500,26.98,U
sh600887,伊利股份,10:00:56,26.99,23500,26.99,U
sh600887,伊利股份,10:00:59,26.98,9000,26.99,U
sh600887,伊利股份,10:01:02,26.98,24800,26.98,U
sh600887,伊利股份,10:01:05,26.99,8500,26.98,U
sh600887,伊利股份,10:01:08,26.99,11900,26.99,U
sh600887,伊利股份,10:01:11,26.99,7500,26.99,U
sh600887,伊利股份,10:01:29,26.99,8400,26.99,U
sh600887,伊利股份,10:01:32,26.99,81800,26.99,U
sh600887,伊利股份,10:01:35,27.0,9300,26.99,U
sh600887,伊利股份,10:01:38,27.0,130200,27.0,U
sh600887,伊利股份,10:01:44,27.0,9600,27.01,D
sh600887,伊利股份,10:01:53,27.0,20500,27.0,U
sh600887,伊利股份,10:02:11,27.0,22100,27.0,U
sh600887,伊利股份,10:02:14,27.0,8000,27.0,U
sh600887,伊利股份,10:02:23,26.99,16400,26.99,D
sh600887,伊利股份,10:02:32,26.99,21700,26.99,D
sh600887,伊利股份,10:02:35,26.99,10700,26.99,D
sh600887,伊利股份,10:02:38,26.99,12400,26.99,D
sh600887,伊利股份,10:02:50,26.99,17800,26.98,U
sh600887,伊利股份,10:03:05,26.99,9600,26.99,U
sh600887,伊利股份,10:03:08,26.99,22100,26.99,U
sh600887,伊利股份,10:03:14,26.99,42500,26.98,U
sh600887,伊利股份,10:03:23,26.98,19400,26.99,D
sh600887,伊利股份,10:03:26,26.98,39600,26.98,D
sh600887,伊利股份,10:03:29,26.98,22300,26.98,D
sh600887,伊利股份,10:03:35,26.97,90700,26.97,D
sh600887,伊利股份,10:03:38,26.96,13400,26.97,D
sh600887,伊利股份,10:03:44,26.95,26300,26.96,D
sh600887,伊利股份,10:03:47,26.96,10400,26.95,U
sh600887,伊利股份,10:03:50,26.96,42300,26.96,U
sh600887,伊利股份,10:03:53,26.97,13800,26.96,U
sh600887,伊利股份,10:04:14,26.96,18600,26.96,U
sh600887,伊利股份,10:04:17,26.96,39500,26.96,U
sh600887,伊利股份,10:04:26,26.96,32600,26.96,U
sh600887,伊利股份,10:04:44,26.96,15600,26.96,U
sh600887,伊利股份,10:04:47,26.96,12200,26.96,U
sh600887,伊利股份,10:05:08,26.96,12900,26.96,U
sh600887,伊利股份,10:05:11,26.96,7800,26.96,U
sh600887,伊利股份,10:05:14,26.95,9700,26.96,D
sh600887,伊利股份,10:05:17,26.96,10400,26.95,U
sh600887,伊利股份,10:05:20,26.95,89400,26.96,D
sh600887,伊利股份,10:05:23,26.96,21000,26.95,U
sh600887,伊利股份,10:05:26,26.95,65700,26.96,D
sh600887,伊利股份,10:05:29,26.96,140500,26.95,U
sh600887,伊利股份,10:05:32,26.96,14500,26.96,D
sh600887,伊利股份,10:05:53,26.98,17200,26.97,U
sh600887,伊利股份,10:05:59,26.97,39500,26.97,D
sh600887,伊利股份,10:06:02,26.97,21700,26.97,D
sh600887,伊利股份,10:06:14,26.98,14600,26.98,U
sh600887,伊利股份,10:06:20,26.97,15500,26.98,D
sh600887,伊利股份,10:06:23,26.98,15300,26.97,D
sh600887,伊利股份,10:06:32,26.98,12300,26.98,D
sh600887,伊利股份,10:06:47,26.99,14700,26.99,U
sh600887,伊利股份,10:07:08,26.99,14000,26.99,U
sh600887,伊利股份,10:07:11,26.99,10500,26.99,U
sh600887,伊利股份,10:07:14,26.98,118900,26.99,D
sh600887,伊利股份,10:07:17,26.96,53700,26.98,D
sh600887,伊利股份,10:07:20,26.96,12400,26.96,U
sh600887,伊利股份,10:07:23,26.96,59700,26.96,U
sh600887,伊利股份,10:07:26,26.93,14800,26.96,D
sh600887,伊利股份,10:07:29,26.95,37200,26.93,E
sh600887,伊利股份,10:07:32,26.93,34400,26.95,D
sh600887,伊利股份,10:07:38,26.91,31100,26.93,D
sh600887,伊利股份,10:07:44,26.93,32400,26.92,D
sh600887,伊利股份,10:07:47,26.93,23300,26.93,D
sh600887,伊利股份,10:07:59,26.92,11799,26.92,U
sh600887,伊利股份,10:08:02,26.91,8600,26.92,D
sh600887,伊利股份,10:08:11,26.91,10600,26.92,D
sh600887,伊利股份,10:08:14,26.91,17200,26.91,D
sh600887,伊利股份,10:08:17,26.92,23401,26.91,U
sh600887,伊利股份,10:08:20,26.91,8200,26.92,D
sh600887,伊利股份,10:08:23,26.91,8700,26.91,U
sh600887,伊利股份,10:08:29,26.91,18100,26.9,U
sh600887,伊利股份,10:08:32,26.9,22600,26.91,D
sh600887,伊利股份,10:08:41,26.91,52400,26.91,U
sh600887,伊利股份,10:08:44,26.91,16700,26.91,D
sh600887,伊利股份,10:08:50,26.91,181700,26.91,D
sh600887,伊利股份,10:08:53,26.9,17000,26.91,D
sh600887,伊利股份,10:09:02,26.91,8400,26.91,E
sh600887,伊利股份,10:09:05,26.9,128200,26.91,D
sh600887,伊利股份,10:09:20,26.91,142000,26.92,D
sh600887,伊利股份,10:09:26,26.92,8400,26.9,U
sh600887,伊利股份,10:09:35,26.91,22500,26.91,D
sh600887,伊利股份,10:09:47,26.92,33600,26.92,U
sh600887,伊利股份,10:09:59,26.92,20700,26.92,D
sh600887,伊利股份,10:10:02,26.93,7600,26.92,U
sh600887,伊利股份,10:10:11,26.94,18300,26.92,U
sh600887,伊利股份,10:10:14,26.94,9600,26.94,U
sh600887,伊利股份,10:10:17,26.96,31400,26.94,U
sh600887,伊利股份,10:10:29,26.96,30500,26.96,E
sh600887,伊利股份,10:10:44,26.95,63700,26.95,U
sh600887,伊利股份,10:10:56,26.93,23400,26.94,D
sh600887,伊利股份,10:11:05,26.95,10800,26.95,U
sh600887,伊利股份,10:11:14,26.94,15100,26.95,D
sh600887,伊利股份,10:11:32,26.93,16200,26.93,D
sh600887,伊利股份,10:11:38,26.93,16300,26.93,D
sh600887,伊利股份,10:11:59,26.92,51700,26.93,D
sh600887,伊利股份,10:12:02,26.92,23400,26.92,D
sh600887,伊利股份,10:12:32,26.92,18600,26.92,D
sh600887,伊利股份,10:12:38,26.92,21500,26.92,U
sh600887,伊利股份,10:12:44,26.92,11100,26.92,D
sh600887,伊利股份,10:12:47,26.92,13300,26.92,D
sh600887,伊利股份,10:12:59,26.92,33400,26.92,D
sh600887,伊利股份,10:13:02,26.92,9400,26.92,U
sh600887,伊利股份,10:13:05,26.92,8500,26.92,U
sh600887,伊利股份,10:13:20,26.93,8500,26.93,U
sh600887,伊利股份,10:13:23,26.93,80500,26.93,U
sh600887,伊利股份,10:13:26,26.93,27100,26.93,U
sh600887,伊利股份,10:13:29,26.93,47000,26.93,D
sh600887,伊利股份,10:13:38,26.94,8300,26.93,U
sh600887,伊利股份,10:13:56,26.94,12600,26.94,U
sh600887,伊利股份,10:14:05,26.94,26500,26.93,U
sh600887,伊利股份,10:14:08,26.94,10100,26.94,U
sh600887,伊利股份,10:14:50,26.95,19700,26.95,U
sh600887,伊利股份,10:14:53,26.95,7900,26.95,U
sh600887,伊利股份,10:15:05,26.95,18800,26.95,U
sh600887,伊利股份,10:15:08,26.95,13600,26.95,U
sh600887,伊利股份,10:15:11,26.94,9100,26.95,D
sh600887,伊利股份,10:15:14,26.94,19700,26.94,D
sh600887,伊利股份,10:15:32,26.94,30100,26.94,D
sh600887,伊利股份,10:15:35,26.95,7500,26.94,U
sh600887,伊利股份,10:16:26,26.94,28300,26.94,U
sh600887,伊利股份,10:16:35,26.95,7700,26.93,U
sh600887,伊利股份,10:16:38,26.93,15500,26.95,D
sh600887,伊利股份,10:16:47,26.93,163700,26.93,D
sh600887,伊利股份,10:16:50,26.93,43200,26.93,D
sh600887,伊利股份,10:16:53,26.93,21300,26.93,D
sh600887,伊利股份,10:16:59,26.93,14300,26.93,D
sh600887,伊利股份,10:17:11,26.92,10800,26.92,D
sh600887,伊利股份,10:17:23,26.92,65500,26.92,D
sh600887,伊利股份,10:17:26,26.92,27900,26.92,D
sh600887,伊利股份,10:17:32,26.92,24000,26.93,D
sh600887,伊利股份,10:17:35,26.92,10900,26.92,U
sh600887,伊利股份,10:17:44,26.92,10900,26.91,U
sh600887,伊利股份,10:17:47,26.92,26300,26.92,U
sh600887,伊利股份,10:18:23,26.91,16000,26.91,D
sh600887,伊利股份,10:18:29,26.92,12600,26.91,U
sh600887,伊利股份,10:18:35,26.92,15900,26.92,U
sh600887,伊利股份,10:18:56,26.92,14300,26.92,U
sh600887,伊利股份,10:18:59,26.91,18300,26.92,D
sh600887,伊利股份,10:19:02,26.91,12600,26.91,D
sh600887,伊利股份,10:19:23,26.91,10300,26.91,D
sh600887,伊利股份,10:19:35,26.92,11900,26.91,U
sh600887,伊利股份,10:20:17,26.92,14500,26.92,U
sh600887,伊利股份,10:20:20,26.92,13900,26.92,U
sh600887,伊利股份,10:20:23,26.92,8500,26.92,U
sh600887,伊利股份,10:20:35,26.92,7700,26.91,U
sh600887,伊利股份,10:20:59,26.92,10700,26.92,U
sh600887,伊利股份,10:21:08,26.92,11500,26.92,U
sh600887,伊利股份,10:21:17,26.92,13100,26.92,U
sh600887,伊利股份,10:21:26,26.91,8700,26.92,D
sh600887,伊利股份,10:21:35,26.93,90300,26.91,U
sh600887,伊利股份,10:22:05,26.93,16500,26.92,U
sh600887,伊利股份,10:22:23,26.93,11400,26.93,U
sh600887,伊利股份,10:22:29,26.93,10700,26.92,U
sh600887,伊利股份,10:22:32,26.92,29000,26.93,D
sh600887,伊利股份,10:22:41,26.92,13300,26.92,D
sh600887,伊利股份,10:23:11,26.93,54700,26.93,U
sh600887,伊利股份,10:23:20,26.93,9600,26.93,U
sh600887,伊利股份,10:23:23,26.93,7700,26.93,U
sh600887,伊利股份,10:23:26,26.93,9400,26.93,U
sh600887,伊利股份,10:23:32,26.93,16500,26.93,U
sh600887,伊利股份,10:23:47,26.94,11300,26.93,U
sh600887,伊利股份,10:23:50,26.95,52400,26.94,U
sh600887,伊利股份,10:24:02,26.95,8300,26.94,U
sh600887,伊利股份,10:24:05,26.95,14100,26.95,U
sh600887,伊利股份,10:24:17,26.97,15400,26.96,U
sh600887,伊利股份,10:24:38,26.98,10800,26.98,U
sh600887,伊利股份,10:24:44,26.97,19300,26.98,D
sh600887,伊利股份,10:24:53,26.97,9200,26.97,D
sh600887,伊利股份,10:25:02,26.98,15800,26.98,D
sh600887,伊利股份,10:25:05,26.99,13700,26.98,U
sh600887,伊利股份,10:25:08,26.99,8300,26.99,U
sh600887,伊利股份,10:25:14,26.99,9500,26.99,U
sh600887,伊利股份,10:25:17,26.99,10500,26.99,D
sh600887,伊利股份,10:25:23,26.99,9600,26.99,D
sh600887,伊利股份,10:25:29,27.0,8100,26.99,U
sh600887,伊利股份,10:25:38,26.99,10500,27.0,D
sh600887,伊利股份,10:25:47,26.99,8500,27.0,D
sh600887,伊利股份,10:25:50,27.0,12500,26.99,U
sh600887,伊利股份,10:25:56,27.0,46900,27.0,U
sh600887,伊利股份,10:26:02,27.0,29900,27.01,D
sh600887,伊利股份,10:26:08,27.0,11400,27.01,D
sh600887,伊利股份,10:26:20,27.0,8400,27.0,D
sh600887,伊利股份,10:26:23,27.0,10300,27.0,D
sh600887,伊利股份,10:26:56,26.99,17100,27.0,D
sh600887,伊利股份,10:27:08,26.99,11600,27.0,D
sh600887,伊利股份,10:27:14,26.99,40100,26.99,D
sh600887,伊利股份,10:27:17,26.98,10400,26.99,D
sh600887,伊利股份,10:27:26,26.98,18900,26.99,D
sh600887,伊利股份,10:27:29,26.99,92300,26.98,U
sh600887,伊利股份,10:27:44,27.01,9700,27.01,U
sh600887,伊利股份,10:27:56,27.01,7900,27.0,U
sh600887,伊利股份,10:27:59,27.03,141900,27.01,U
sh600887,伊利股份,10:28:23,27.03,8400,27.03,D
sh600887,伊利股份,10:28:26,27.01,21100,27.03,D
sh600887,伊利股份,10:28:56,27.0,8800,27.0,D
sh600887,伊利股份,10:29:14,27.01,21500,27.0,U
sh600887,伊利股份,10:29:20,27.01,8100,27.01,D
sh600887,伊利股份,10:29:38,27.02,14700,27.02,U
sh600887,伊利股份,10:29:50,27.01,11200,27.02,D
sh600887,伊利股份,10:29:56,27.01,10300,27.01,D
sh600887,伊利股份,10:30:08,27.02,9500,27.02,U
sh600887,伊利股份,10:30:26,27.01,9500,27.02,D
sh600887,伊利股份,10:30:35,27.02,17800,27.02,U
sh600887,伊利股份,10:30:50,27.0,21100,27.01,D
sh600887,伊利股份,10:31:08,27.01,9600,27.01,U
sh600887,伊利股份,10:31:20,27.0,23000,27.0,D
sh600887,伊利股份,10:31:23,27.0,17700,27.0,D
sh600887,伊利股份,10:31:38,26.99,12400,26.99,U
sh600887,伊利股份,10:32:11,26.99,12300,26.99,U
sh600887,伊利股份,10:32:17,26.97,7900,26.98,D
sh600887,伊利股份,10:33:08,26.97,20200,26.97,D
sh600887,伊利股份,10:33:29,26.96,10000,26.97,D
sh600887,伊利股份,10:33:35,26.94,412700,26.96,D
sh600887,伊利股份,10:33:38,26.94,34000,26.94,D
sh600887,伊利股份,10:33:47,26.91,93400,26.93,D
sh600887,伊利股份,10:33:59,26.92,7500,26.92,E
sh600887,伊利股份,10:34:02,26.91,9400,26.92,D
sh600887,伊利股份,10:34:11,26.91,14400,26.91,D
sh600887,伊利股份,10:34:14,26.92,34200,26.91,U
sh600887,伊利股份,10:34:17,26.91,17400,26.92,D
sh600887,伊利股份,10:34:20,26.91,10000,26.91,D
sh600887,伊利股份,10:34:26,26.91,11700,26.92,D
sh600887,伊利股份,10:34:32,26.91,11200,26.92,D
sh600887,伊利股份,10:34:47,26.91,8400,26.91,D
sh600887,伊利股份,10:34:50,26.91,16500,26.91,D
sh600887,伊利股份,10:35:02,26.92,18400,26.91,U
sh600887,伊利股份,10:35:05,26.92,8900,26.92,U
sh600887,伊利股份,10:35:08,26.92,18500,26.92,U
sh600887,伊利股份,10:35:23,26.92,9500,26.92,D
sh600887,伊利股份,10:35:56,26.92,19200,26.92,U
sh600887,伊利股份,10:36:20,26.91,8700,26.91,D
sh600887,伊利股份,10:36:26,26.92,27600,26.92,U
sh600887,伊利股份,10:36:38,26.92,12200,26.92,U
sh600887,伊利股份,10:36:47,26.91,15400,26.91,D
sh600887,伊利股份,10:36:59,26.92,9400,26.92,U
sh600887,伊利股份,10:37:11,26.92,36300,26.92,U
sh600887,伊利股份,10:37:14,26.92,7800,26.92,U
sh600887,伊利股份,10:37:41,26.92,7500,26.92,D
sh600887,伊利股份,10:37:47,26.92,9000,26.92,D
sh600887,伊利股份,10:38:11,26.92,8000,26.93,D
sh600887,伊利股份,10:38:14,26.92,7500,26.92,D
sh600887,伊利股份,10:38:17,26.92,11400,26.92,D
sh600887,伊利股份,10:38:38,26.92,14500,26.93,D
sh600887,伊利股份,10:38:44,26.93,11200,26.93,U
sh600887,伊利股份,10:38:56,26.93,9400,26.92,U
sh600887,伊利股份,10:38:59,26.93,12200,26.93,U
sh600887,伊利股份,10:39:02,26.92,9000,26.93,D
sh600887,伊利股份,10:39:08,26.92,10900,26.93,D
sh600887,伊利股份,10:39:11,26.92,7500,26.92,D
sh600887,伊利股份,10:39:17,26.92,113800,26.92,D
sh600887,伊利股份,10:39:38,26.92,10900,26.93,D
sh600887,伊利股份,10:39:44,26.93,7800,26.92,U
sh600887,伊利股份,10:39:56,26.93,8900,26.93,U
sh600887,伊利股份,10:40:02,26.92,23800,26.93,D
sh600887,伊利股份,10:40:05,26.93,11900,26.92,U
sh600887,伊利股份,10:40:20,26.93,7500,26.93,U
sh600887,伊利股份,10:40:35,26.93,8800,26.92,U
sh600887,伊利股份,10:40:41,26.92,8700,26.92,D
sh600887,伊利股份,10:40:47,26.92,19900,26.92,D
sh600887,伊利股份,10:41:11,26.92,14200,26.93,D
sh600887,伊利股份,10:41:17,26.92,87600,26.93,D
sh600887,伊利股份,10:41:26,26.92,31200,26.91,U
sh600887,伊利股份,10:41:32,26.91,13700,26.92,D
sh600887,伊利股份,10:41:59,26.92,21300,26.91,U
sh600887,伊利股份,10:42:02,26.92,11900,26.92,U
sh600887,伊利股份,10:42:14,26.91,129200,26.92,D
sh600887,伊利股份,10:42:17,26.91,8300,26.91,U
sh600887,伊利股份,10:42:26,26.91,8800,26.9,U
sh600887,伊利股份,10:42:32,26.91,15900,26.91,U
sh600887,伊利股份,10:42:38,26.9,8200,26.91,D
sh600887,伊利股份,10:42:41,26.92,119000,26.9,U
sh600887,伊利股份,10:43:05,26.92,8900,26.91,U
sh600887,伊利股份,10:44:17,26.91,26800,26.91,D
sh600887,伊利股份,10:44:20,26.92,13700,26.91,U
sh600887,伊利股份,10:44:26,26.93,9800,26.92,U
sh600887,伊利股份,10:44:32,26.93,42800,26.92,U
sh600887,伊利股份,10:44:35,26.94,10800,26.93,U
sh600887,伊利股份,10:44:59,26.94,15800,26.95,D
sh600887,伊利股份,10:45:26,26.93,9200,26.94,D
sh600887,伊利股份,10:46:05,26.94,10000,26.93,U
sh600887,伊利股份,10:46:53,26.94,17200,26.93,U
sh600887,伊利股份,10:47:11,26.93,14900,26.94,D
sh600887,伊利股份,10:47:17,26.93,12300,26.94,D
sh600887,伊利股份,10:47:20,26.93,12700,26.93,D
sh600887,伊利股份,10:47:44,26.94,20900,26.93,U
sh600887,伊利股份,10:48:05,26.95,8300,26.94,U
sh600887,伊利股份,10:48:08,26.95,16100,26.95,U
sh600887,伊利股份,10:48:50,26.95,32300,26.95,U
sh600887,伊利股份,10:49:11,26.95,14100,26.94,U
sh600887,伊利股份,10:49:20,26.94,29500,26.95,D
sh600887,伊利股份,10:50:05,26.95,8200,26.94,U
sh600887,伊利股份,10:50:17,26.94,86200,26.95,D
sh600887,伊利股份,10:50:20,26.93,10400,26.94,D
sh600887,伊利股份,10:50:23,26.94,8700,26.93,U
sh600887,伊利股份,10:50:59,26.93,31500,26.94,D
sh600887,伊利股份,10:51:05,26.94,15600,26.94,U
sh600887,伊利股份,10:51:17,26.94,15800,26.94,U
sh600887,伊利股份,10:51:20,26.94,47500,26.94,U
sh600887,伊利股份,10:51:23,26.94,14500,26.94,U
sh600887,伊利股份,10:51:26,26.94,54100,26.94,U
sh600887,伊利股份,10:51:29,26.94,53300,26.94,D
sh600887,伊利股份,10:51:41,26.96,8000,26.96,U
sh600887,伊利股份,10:52:41,26.95,7500,26.96,D
sh600887,伊利股份,10:52:44,26.96,10600,26.95,U
sh600887,伊利股份,10:53:23,26.96,52500,26.95,U
sh600887,伊利股份,10:53:26,26.96,25000,26.96,U
sh600887,伊利股份,10:54:14,26.97,11900,26.97,U
sh600887,伊利股份,10:54:32,26.97,21500,26.97,U
sh600887,伊利股份,10:55:14,26.98,11800,26.98,D
sh600887,伊利股份,10:55:35,26.98,19600,26.97,U
sh600887,伊利股份,10:56:14,26.98,9100,26.98,U
sh600887,伊利股份,10:56:41,26.99,17400,26.99,U
sh600887,伊利股份,10:56:56,26.99,7800,26.99,U
sh600887,伊利股份,10:57:14,26.99,8500,26.99,U
sh600887,伊利股份,10:58:08,26.99,12500,26.99,U
sh600887,伊利股份,10:58:11,26.99,9800,26.99,U
sh600887,伊利股份,10:58:20,26.98,8900,26.99,D
sh600887,伊利股份,10:58:23,26.98,12800,26.98,D
sh600887,伊利股份,10:59:02,26.98,11500,26.98,D
sh600887,伊利股份,10:59:53,26.98,21200,26.98,D
sh600887,伊利股份,11:00:35,26.98,8000,26.98,D
sh600887,伊利股份,11:00:38,26.98,17900,26.98,D
sh600887,伊利股份,11:00:41,26.97,9400,26.98,D
sh600887,伊利股份,11:01:08,26.98,10300,26.97,U
sh600887,伊利股份,11:02:11,26.97,13200,26.96,U
sh600887,伊利股份,11:02:20,26.95,10300,26.96,D
sh600887,伊利股份,11:02:56,26.96,14200,26.95,U
sh600887,伊利股份,11:03:26,26.95,10100,26.95,D
sh600887,伊利股份,11:03:44,26.95,18400,26.95,D
sh600887,伊利股份,11:03:47,26.96,57300,26.95,U
sh600887,伊利股份,11:04:17,26.97,12200,26.97,U
sh600887,伊利股份,11:04:26,26.97,13700,26.97,U
sh600887,伊利股份,11:04:29,26.97,17400,26.97,U
sh600887,伊利股份,11:04:56,26.97,10500,26.97,U
sh600887,伊利股份,11:05:08,26.97,91500,26.97,U
sh600887,伊利股份,11:05:20,26.99,18800,26.98,U
sh600887,伊利股份,11:05:23,27.0,39000,26.99,U
sh600887,伊利股份,11:06:02,27.01,9700,27.0,U
sh600887,伊利股份,11:06:11,27.0,9300,27.01,D
sh600887,伊利股份,11:06:38,27.0,33700,27.01,D
sh600887,伊利股份,11:06:41,26.99,11200,27.0,D
sh600887,伊利股份,11:07:17,27.01,83600,26.99,U
sh600887,伊利股份,11:07:20,27.01,34900,27.01,U
sh600887,伊利股份,11:07:23,27.02,40900,27.01,U
sh600887,伊利股份,11:08:02,27.03,9000,27.02,U
sh600887,伊利股份,11:08:08,27.03,12800,27.03,U
sh600887,伊利股份,11:08:35,27.04,22500,27.03,U
sh600887,伊利股份,11:08:50,27.03,11600,27.03,D
sh600887,伊利股份,11:08:59,27.03,10200,27.03,D
sh600887,伊利股份,11:09:02,27.03,22200,27.03,D
sh600887,伊利股份,11:09:08,27.03,8900,27.03,D
sh600887,伊利股份,11:09:11,27.03,7500,27.03,D
sh600887,伊利股份,11:10:47,27.01,8400,27.01,D
sh600887,伊利股份,11:10:50,27.01,7700,27.01,D
sh600887,伊利股份,11:10:53,27.01,15900,27.01,D
sh600887,伊利股份,11:11:02,27.01,10100,27.01,D
sh600887,伊利股份,11:11:05,27.02,10600,27.01,U
sh600887,伊利股份,11:11:17,27.02,10000,27.01,U
sh600887,伊利股份,11:11:23,27.02,9700,27.01,U
sh600887,伊利股份,11:11:32,27.01,7700,27.01,D
sh600887,伊利股份,11:12:02,27.02,10100,27.01,U
sh600887,伊利股份,11:12:44,27.02,20800,27.01,U
sh600887,伊利股份,11:12:59,27.02,8100,27.02,U
sh600887,伊利股份,11:13:38,27.02,42200,27.02,U
sh600887,伊利股份,11:13:41,27.0,47300,27.02,D
sh600887,伊利股份,11:13:53,27.01,10400,27.0,U
sh600887,伊利股份,11:14:17,27.0,18500,27.0,D
sh600887,伊利股份,11:14:53,27.01,18000,27.0,U
sh600887,伊利股份,11:14:56,27.01,9000,27.01,U
sh600887,伊利股份,11:15:11,26.99,16300,27.0,D
sh600887,伊利股份,11:15:14,27.0,18700,26.99,U
sh600887,伊利股份,11:15:17,27.0,80600,27.0,D
sh600887,伊利股份,11:15:23,27.01,8700,27.01,U
sh600887,伊利股份,11:15:38,27.01,12700,27.0,U
sh600887,伊利股份,11:15:47,27.0,10200,27.01,D
sh600887,伊利股份,11:16:08,27.01,9200,27.01,U
sh600887,伊利股份,11:16:11,27.01,8000,27.01,U
sh600887,伊利股份,11:16:35,27.02,13000,27.01,U
sh600887,伊利股份,11:17:41,27.01,26900,27.0,U
sh600887,伊利股份,11:17:56,27.01,9900,27.0,U
sh600887,伊利股份,11:17:59,27.0,10200,27.01,D
sh600887,伊利股份,11:18:02,27.01,21900,27.0,U
sh600887,伊利股份,11:18:08,27.01,19800,27.01,U
sh600887,伊利股份,11:18:17,27.01,10600,27.01,D
sh600887,伊利股份,11:18:35,27.01,10200,27.01,D
sh600887,伊利股份,11:19:11,27.01,17000,27.02,D
sh600887,伊利股份,11:19:20,27.02,8700,27.01,U
sh600887,伊利股份,11:19:44,27.01,7800,27.02,D
sh600887,伊利股份,11:19:47,27.01,19900,27.01,D
sh600887,伊利股份,11:19:56,27.02,12300,27.01,U
sh600887,伊利股份,11:20:05,27.01,7700,27.01,D
sh600887,伊利股份,11:20:14,27.01,7800,27.01,D
sh600887,伊利股份,11:20:26,27.02,9200,27.01,U
sh600887,伊利股份,11:20:38,27.01,51000,27.02,D
sh600887,伊利股份,11:20:41,27.01,21900,27.01,U
sh600887,伊利股份,11:20:56,27.0,23400,27.0,D
sh600887,伊利股份,11:20:59,27.0,9700,27.0,D
sh600887,伊利股份,11:21:02,26.99,17900,27.0,D
sh600887,伊利股份,11:21:17,27.0,7800,26.99,U
sh600887,伊利股份,11:21:29,26.99,11600,26.99,D
sh600887,伊利股份,11:21:59,26.99,8100,26.99,D
sh600887,伊利股份,11:22:02,26.99,8000,26.99,D
sh600887,伊利股份,11:22:20,27.01,127300,26.99,U
sh600887,伊利股份,11:22:32,27.02,9500,27.02,U
sh600887,伊利股份,11:22:38,27.02,13500,27.02,U
sh600887,伊利股份,11:23:17,27.02,7800,27.01,U
sh600887,伊利股份,11:23:32,27.01,14400,27.02,D
sh600887,伊利股份,11:24:14,27.01,13400,27.01,D
sh600887,伊利股份,11:24:29,27.02,32600,27.02,U
sh600887,伊利股份,11:24:32,27.02,9800,27.02,D
sh600887,伊利股份,11:25:53,27.02,10700,27.02,D
sh600887,伊利股份,11:26:02,27.03,15000,27.02,U
sh600887,伊利股份,11:26:35,27.04,72600,27.02,U
sh600887,伊利股份,11:26:41,27.04,10400,27.04,D
sh600887,伊利股份,11:26:47,27.05,54300,27.05,U
sh600887,伊利股份,11:26:50,27.05,39400,27.05,D
sh600887,伊利股份,11:26:56,27.07,11800,27.06,U
sh600887,伊利股份,11:26:59,27.06,13500,27.07,E
sh600887,伊利股份,11:27:11,27.07,22600,27.06,U
sh600887,伊利股份,11:27:14,27.06,9500,27.07,D
sh600887,伊利股份,11:27:20,27.08,33700,27.08,U
sh600887,伊利股份,11:27:23,27.08,8600,27.08,U
sh600887,伊利股份,11:27:32,27.09,48900,27.08,U
sh600887,伊利股份,11:27:38,27.09,9300,27.1,D
sh600887,伊利股份,11:27:41,27.1,25800,27.09,U
sh600887,伊利股份,11:27:47,27.09,37000,27.08,U
sh600887,伊利股份,11:27:56,27.11,29300,27.1,U
sh600887,伊利股份,11:28:08,27.12,24400,27.11,U
sh600887,伊利股份,11:28:20,27.1,22100,27.1,D
sh600887,伊利股份,11:28:29,27.11,25700,27.11,D
sh600887,伊利股份,11:28:32,27.11,15800,27.11,D
sh600887,伊利股份,11:28:35,27.11,18200,27.11,U
sh600887,伊利股份,11:28:47,27.11,8500,27.11,U
sh600887,伊利股份,11:28:50,27.11,25600,27.11,U
sh600887,伊利股份,11:28:53,27.11,21300,27.11,U
sh600887,伊利股份,11:28:56,27.11,9500,27.11,D
sh600887,伊利股份,11:29:02,27.1,11500,27.12,D
sh600887,伊利股份,11:29:11,27.11,20900,27.12,D
sh600887,伊利股份,11:29:23,27.12,13100,27.11,U
sh600887,伊利股份,11:29:32,27.11,7800,27.12,D
sh600887,伊利股份,11:29:35,27.11,15100,27.11,U
sh600887,伊利股份,13:00:02,27.09,16200,27.1,D
sh600887,伊利股份,13:00:05,27.09,55900,27.09,D
sh600887,伊利股份,13:00:08,27.09,66700,27.09,D
sh600887,伊利股份,13:00:11,27.08,42800,27.09,D
sh600887,伊利股份,13:00:14,27.11,54300,27.08,U
sh600887,伊利股份,13:00:17,27.09,10700,27.11,D
sh600887,伊利股份,13:00:20,27.09,9900,27.09,E
sh600887,伊利股份,13:00:23,27.1,80300,27.09,U
sh600887,伊利股份,13:00:26,27.12,11600,27.1,U
sh600887,伊利股份,13:00:32,27.1,16500,27.12,D
sh600887,伊利股份,13:00:35,27.13,19600,27.1,U
sh600887,伊利股份,13:00:38,27.12,22300,27.13,D
sh600887,伊利股份,13:00:41,27.13,12200,27.12,U
sh600887,伊利股份,13:00:44,27.13,13500,27.13,U
sh600887,伊利股份,13:00:47,27.12,75200,27.13,D
sh600887,伊利股份,13:00:53,27.1,11500,27.12,D
sh600887,伊利股份,13:01:05,27.11,14700,27.1,U
sh600887,伊利股份,13:01:08,27.11,12000,27.11,U
sh600887,伊利股份,13:01:11,27.12,28200,27.11,U
sh600887,伊利股份,13:01:14,27.11,9700,27.12,D
sh600887,伊利股份,13:01:17,27.12,10600,27.11,U
sh600887,伊利股份,13:01:26,27.12,24700,27.12,U
sh600887,伊利股份,13:01:32,27.11,13000,27.12,D
sh600887,伊利股份,13:01:35,27.12,7500,27.11,U
sh600887,伊利股份,13:01:38,27.12,7800,27.12,U
sh600887,伊利股份,13:01:47,27.15,76000,27.13,U
sh600887,伊利股份,13:01:50,27.13,8400,27.15,D
sh600887,伊利股份,13:01:56,27.14,9300,27.14,U
sh600887,伊利股份,13:02:05,27.17,178415,27.14,U
sh600887,伊利股份,13:02:14,27.17,13000,27.17,D
sh600887,伊利股份,13:02:20,27.16,12100,27.17,D
sh600887,伊利股份,13:02:26,27.17,16000,27.17,D
sh600887,伊利股份,13:02:32,27.18,27100,27.18,U
sh600887,伊利股份,13:02:38,27.18,14100,27.18,U
sh600887,伊利股份,13:02:41,27.18,8400,27.18,U
sh600887,伊利股份,13:02:44,27.18,8600,27.18,U
sh600887,伊利股份,13:02:53,27.18,44500,27.17,U
sh600887,伊利股份,13:02:59,27.18,7600,27.18,D
sh600887,伊利股份,13:03:02,27.19,23800,27.18,U
sh600887,伊利股份,13:03:08,27.2,43900,27.19,U
sh600887,伊利股份,13:03:11,27.19,12600,27.2,D
sh600887,伊利股份,13:03:17,27.23,119100,27.19,U
sh600887,伊利股份,13:03:20,27.23,13300,27.23,U
sh600887,伊利股份,13:03:23,27.23,33800,27.23,U
sh600887,伊利股份,13:03:26,27.22,56400,27.23,U
sh600887,伊利股份,13:03:32,27.22,28900,27.21,U
sh600887,伊利股份,13:03:35,27.22,14700,27.22,U
sh600887,伊利股份,13:03:47,27.23,29300,27.22,U
sh600887,伊利股份,13:03:59,27.23,38700,27.24,D
sh600887,伊利股份,13:04:05,27.25,34500,27.24,U
sh600887,伊利股份,13:04:08,27.24,11400,27.25,D
sh600887,伊利股份,13:04:11,27.24,33900,27.24,D
sh600887,伊利股份,13:04:14,27.25,17500,27.24,U
sh600887,伊利股份,13:04:23,27.25,13800,27.26,D
sh600887,伊利股份,13:04:29,27.25,7400,27.26,D
sh600887,伊利股份,13:04:32,27.25,46900,27.25,D
sh600887,伊利股份,13:04:35,27.25,65200,27.25,D
sh600887,伊利股份,13:04:44,27.25,11800,27.25,U
sh600887,伊利股份,13:04:50,27.25,18100,27.26,D
sh600887,伊利股份,13:04:53,27.26,12200,27.25,U
sh600887,伊利股份,13:05:05,27.26,15800,27.25,U
sh600887,伊利股份,13:05:11,27.25,16400,27.25,D
sh600887,伊利股份,13:05:14,27.25,9400,27.25,D
sh600887,伊利股份,13:05:17,27.26,12100,27.25,U
sh600887,伊利股份,13:05:29,27.25,8500,27.25,D
sh600887,伊利股份,13:05:38,27.25,12200,27.26,D
sh600887,伊利股份,13:05:47,27.25,12400,27.25,D
sh600887,伊利股份,13:05:56,27.25,43800,27.26,D
sh600887,伊利股份,13:05:59,27.25,24100,27.25,D
sh600887,伊利股份,13:06:08,27.23,18000,27.24,D
sh600887,伊利股份,13:06:14,27.23,18200,27.23,U
sh600887,伊利股份,13:06:17,27.23,42900,27.23,U
sh600887,伊利股份,13:06:20,27.23,10900,27.23,D
sh600887,伊利股份,13:06:23,27.23,30500,27.23,D
sh600887,伊利股份,13:06:29,27.23,29600,27.22,U
sh600887,伊利股份,13:06:35,27.25,33300,27.23,U
sh600887,伊利股份,13:06:44,27.25,14900,27.25,U
sh600887,伊利股份,13:06:50,27.24,18200,27.24,D
sh600887,伊利股份,13:07:05,27.25,7900,27.24,U
sh600887,伊利股份,13:07:41,27.24,77200,27.24,D
sh600887,伊利股份,13:07:44,27.24,12000,27.24,U
sh600887,伊利股份,13:07:47,27.24,11900,27.24,D
sh600887,伊利股份,13:07:56,27.23,19000,27.23,D
sh600887,伊利股份,13:07:59,27.23,10200,27.23,D
sh600887,伊利股份,13:08:11,27.23,15000,27.24,D
sh600887,伊利股份,13:08:29,27.24,8800,27.23,U
sh600887,伊利股份,13:08:32,27.23,41300,27.24,D
sh600887,伊利股份,13:08:38,27.21,24900,27.23,D
sh600887,伊利股份,13:08:44,27.21,21400,27.21,U
sh600887,伊利股份,13:08:56,27.2,69300,27.21,D
sh600887,伊利股份,13:08:59,27.21,10400,27.2,U
sh600887,伊利股份,13:09:02,27.2,8400,27.21,D
sh600887,伊利股份,13:09:05,27.22,16800,27.2,U
sh600887,伊利股份,13:09:14,27.21,51800,27.2,E
sh600887,伊利股份,13:09:17,27.21,11600,27.21,U
sh600887,伊利股份,13:09:20,27.21,7500,27.21,D
sh600887,伊利股份,13:09:29,27.23,10300,27.22,U
sh600887,伊利股份,13:09:56,27.22,53500,27.22,D
sh600887,伊利股份,13:09:59,27.21,13500,27.22,E
sh600887,伊利股份,13:10:02,27.21,17700,27.21,U
sh600887,伊利股份,13:10:11,27.19,7800,27.19,D
sh600887,伊利股份,13:10:20,27.19,9700,27.19,U
sh600887,伊利股份,13:10:29,27.18,8100,27.18,D
sh600887,伊利股份,13:10:35,27.18,13900,27.19,D
sh600887,伊利股份,13:10:47,27.19,43300,27.19,U
sh600887,伊利股份,13:10:53,27.18,36800,27.19,D
sh600887,伊利股份,13:11:02,27.17,12000,27.18,D
sh600887,伊利股份,13:11:05,27.17,7800,27.17,U
sh600887,伊利股份,13:11:17,27.16,11900,27.16,U
sh600887,伊利股份,13:11:26,27.18,11500,27.16,U
sh600887,伊利股份,13:11:32,27.17,8600,27.17,D
sh600887,伊利股份,13:11:38,27.17,9800,27.18,D
sh600887,伊利股份,13:11:44,27.18,11700,27.17,U
sh600887,伊利股份,13:11:50,27.17,11900,27.17,D
sh600887,伊利股份,13:11:53,27.17,8800,27.17,U
sh600887,伊利股份,13:11:56,27.18,13400,27.17,U
sh600887,伊利股份,13:11:59,27.17,14600,27.18,D
sh600887,伊利股份,13:12:02,27.18,23200,27.17,U
sh600887,伊利股份,13:12:08,27.18,33000,27.18,U
sh600887,伊利股份,13:12:11,27.18,9000,27.18,E
sh600887,伊利股份,13:12:14,27.18,14200,27.18,D
sh600887,伊利股份,13:12:17,27.16,41900,27.18,D
sh600887,伊利股份,13:12:20,27.16,14900,27.16,D
sh600887,伊利股份,13:12:26,27.16,14400,27.15,U
sh600887,伊利股份,13:12:44,27.15,12500,27.15,D
sh600887,伊利股份,13:13:08,27.15,7600,27.15,U
sh600887,伊利股份,13:13:26,27.15,17900,27.14,U
sh600887,伊利股份,13:13:44,27.15,34600,27.14,U
sh600887,伊利股份,13:13:50,27.14,18000,27.14,D
sh600887,伊利股份,13:13:53,27.14,76200,27.14,D
sh600887,伊利股份,13:13:59,27.15,17400,27.15,U
sh600887,伊利股份,13:14:02,27.17,31000,27.15,U
sh600887,伊利股份,13:14:23,27.17,8900,27.17,D
sh600887,伊利股份,13:14:29,27.18,20900,27.17,U
sh600887,伊利股份,13:14:32,27.18,68800,27.18,D
sh600887,伊利股份,13:14:53,27.17,13600,27.17,U
sh600887,伊利股份,13:14:59,27.17,7400,27.17,D
sh600887,伊利股份,13:15:08,27.18,16900,27.18,U
sh600887,伊利股份,13:15:23,27.18,9200,27.18,D
sh600887,伊利股份,13:15:26,27.18,11800,27.18,U
sh600887,伊利股份,13:15:41,27.16,21800,27.17,D
sh600887,伊利股份,13:15:44,27.17,14300,27.16,U
sh600887,伊利股份,13:15:56,27.17,10700,27.16,U
sh600887,伊利股份,13:16:02,27.16,8300,27.16,D
sh600887,伊利股份,13:16:32,27.16,24484,27.16,D
sh600887,伊利股份,13:16:50,27.15,26200,27.15,D
sh600887,伊利股份,13:16:53,27.15,11800,27.15,D
sh600887,伊利股份,13:16:59,27.13,46100,27.15,D
sh600887,伊利股份,13:17:17,27.12,12300,27.13,D
sh600887,伊利股份,13:17:20,27.13,12100,27.12,U
sh600887,伊利股份,13:17:26,27.13,10700,27.13,U
sh600887,伊利股份,13:17:29,27.12,10400,27.13,D
sh600887,伊利股份,13:17:35,27.13,20600,27.12,U
sh600887,伊利股份,13:17:47,27.12,10300,27.13,D
sh600887,伊利股份,13:17:50,27.12,10700,27.12,D
sh600887,伊利股份,13:17:53,27.13,11000,27.12,U
sh600887,伊利股份,13:17:56,27.14,11200,27.13,U
sh600887,伊利股份,13:18:05,27.14,15300,27.13,U
sh600887,伊利股份,13:18:11,27.14,34300,27.14,U
sh600887,伊利股份,13:18:26,27.15,33000,27.15,U
sh600887,伊利股份,13:18:29,27.15,7600,27.15,D
sh600887,伊利股份,13:18:35,27.17,14700,27.15,U
sh600887,伊利股份,13:19:05,27.17,8600,27.17,U
sh600887,伊利股份,13:19:29,27.16,30300,27.16,D
sh600887,伊利股份,13:19:32,27.16,13000,27.16,U
sh600887,伊利股份,13:19:35,27.16,7400,27.16,U
sh600887,伊利股份,13:20:05,27.16,9200,27.15,U
sh600887,伊利股份,13:20:08,27.15,9200,27.16,D
sh600887,伊利股份,13:20:11,27.15,7900,27.15,D
sh600887,伊利股份,13:20:20,27.15,10500,27.16,D
sh600887,伊利股份,13:20:38,27.15,57100,27.16,D
sh600887,伊利股份,13:20:56,27.16,14000,27.16,D
sh600887,伊利股份,13:20:59,27.16,8000,27.16,D
sh600887,伊利股份,13:21:02,27.17,23400,27.16,U
sh600887,伊利股份,13:21:05,27.19,60500,27.17,U
sh600887,伊利股份,13:21:11,27.2,31900,27.19,U
sh600887,伊利股份,13:21:14,27.19,9400,27.2,D
sh600887,伊利股份,13:21:17,27.2,8500,27.19,U
sh600887,伊利股份,13:21:20,27.2,13200,27.2,U
sh600887,伊利股份,13:21:38,27.21,8700,27.21,U
sh600887,伊利股份,13:22:08,27.21,8000,27.21,U
sh600887,伊利股份,13:22:11,27.21,48400,27.21,U
sh600887,伊利股份,13:22:17,27.19,81700,27.21,D
sh600887,伊利股份,13:22:20,27.19,14800,27.19,D
sh600887,伊利股份,13:22:29,27.2,7900,27.2,U
sh600887,伊利股份,13:22:38,27.2,10400,27.2,U
sh600887,伊利股份,13:22:41,27.19,11500,27.2,D
sh600887,伊利股份,13:22:47,27.19,13500,27.2,D
sh600887,伊利股份,13:23:08,27.2,10500,27.19,U
sh600887,伊利股份,13:23:14,27.19,18000,27.19,D
sh600887,伊利股份,13:23:29,27.18,11900,27.19,D
sh600887,伊利股份,13:23:32,27.18,11400,27.18,D
sh600887,伊利股份,13:24:02,27.18,22900,27.18,D
sh600887,伊利股份,13:24:08,27.18,10200,27.19,D
sh600887,伊利股份,13:24:11,27.18,11200,27.18,D
sh600887,伊利股份,13:24:14,27.18,8500,27.18,D
sh600887,伊利股份,13:24:20,27.18,11200,27.19,D
sh600887,伊利股份,13:24:38,27.18,9500,27.19,D
sh600887,伊利股份,13:24:47,27.17,12700,27.18,D
sh600887,伊利股份,13:24:50,27.16,16900,27.17,D
sh600887,伊利股份,13:24:56,27.17,14400,27.16,U
sh600887,伊利股份,13:25:02,27.16,11100,27.17,D
sh600887,伊利股份,13:25:08,27.17,10300,27.17,D
sh600887,伊利股份,13:25:11,27.15,46300,27.17,D
sh600887,伊利股份,13:25:38,27.17,7700,27.17,U
sh600887,伊利股份,13:26:14,27.16,16000,27.16,D
sh600887,伊利股份,13:26:17,27.15,21800,27.16,D
sh600887,伊利股份,13:26:41,27.14,7500,27.15,D
sh600887,伊利股份,13:26:50,27.14,11600,27.14,D
sh600887,伊利股份,13:27:05,27.15,10700,27.14,U
sh600887,伊利股份,13:27:11,27.14,14500,27.14,D
sh600887,伊利股份,13:27:26,27.14,8100,27.14,D
sh600887,伊利股份,13:27:35,27.13,33400,27.14,D
sh600887,伊利股份,13:27:38,27.13,104300,27.13,U
sh600887,伊利股份,13:27:41,27.15,9500,27.13,E
sh600887,伊利股份,13:27:50,27.14,9100,27.15,D
sh600887,伊利股份,13:27:59,27.14,10000,27.14,D
sh600887,伊利股份,13:28:17,27.14,18300,27.13,U
sh600887,伊利股份,13:28:41,27.15,9600,27.14,U
sh600887,伊利股份,13:28:47,27.14,51600,27.14,U
sh600887,伊利股份,13:28:53,27.15,10300,27.14,U
sh600887,伊利股份,13:29:05,27.15,35200,27.14,U
sh600887,伊利股份,13:29:08,27.15,56800,27.15,U
sh600887,伊利股份,13:29:11,27.16,21700,27.15,U
sh600887,伊利股份,13:29:14,27.15,14600,27.16,D
sh600887,伊利股份,13:29:32,27.15,12300,27.15,D
sh600887,伊利股份,13:29:38,27.17,35200,27.17,U
sh600887,伊利股份,13:29:41,27.17,9100,27.17,D
sh600887,伊利股份,13:29:47,27.17,22100,27.17,D
sh600887,伊利股份,13:29:50,27.18,8100,27.17,U
sh600887,伊利股份,13:29:53,27.18,19100,27.18,U
sh600887,伊利股份,13:30:11,27.17,8500,27.18,D
sh600887,伊利股份,13:30:17,27.18,8200,27.18,U
sh600887,伊利股份,13:30:41,27.17,9600,27.18,D
sh600887,伊利股份,13:30:56,27.18,13700,27.18,U
sh600887,伊利股份,13:31:35,27.18,8700,27.17,U
sh600887,伊利股份,13:31:41,27.17,9100,27.18,D
sh600887,伊利股份,13:32:38,27.17,8200,27.18,D
sh600887,伊利股份,13:32:41,27.17,8900,27.17,D
sh600887,伊利股份,13:32:44,27.17,16100,27.17,D
sh600887,伊利股份,13:32:47,27.17,7400,27.17,D
sh600887,伊利股份,13:32:53,27.17,8300,27.18,D
sh600887,伊利股份,13:33:02,27.18,9400,27.17,U
sh600887,伊利股份,13:33:17,27.17,8100,27.17,D
sh600887,伊利股份,13:33:29,27.17,7500,27.18,D
sh600887,伊利股份,13:33:32,27.18,22000,27.17,U
sh600887,伊利股份,13:33:35,27.19,90500,27.18,U
sh600887,伊利股份,13:33:44,27.18,11400,27.19,D
sh600887,伊利股份,13:33:50,27.19,19300,27.19,U
sh600887,伊利股份,13:33:53,27.19,50400,27.19,U
sh600887,伊利股份,13:33:56,27.19,11000,27.19,U
sh600887,伊利股份,13:33:59,27.19,16500,27.19,U
sh600887,伊利股份,13:34:02,27.2,10100,27.19,U
sh600887,伊利股份,13:34:05,27.2,9100,27.2,U
sh600887,伊利股份,13:34:08,27.2,8300,27.2,U
sh600887,伊利股份,13:34:14,27.19,7500,27.2,D
sh600887,伊利股份,13:34:17,27.19,13200,27.19,D
sh600887,伊利股份,13:34:29,27.2,8000,27.19,U
sh600887,伊利股份,13:34:38,27.19,16500,27.2,D
sh600887,伊利股份,13:34:50,27.19,8100,27.2,D
sh600887,伊利股份,13:34:53,27.19,8700,27.19,D
sh600887,伊利股份,13:34:56,27.19,55700,27.19,D
sh600887,伊利股份,13:34:59,27.2,11200,27.19,U
sh600887,伊利股份,13:35:02,27.19,7900,27.2,D
sh600887,伊利股份,13:35:05,27.21,35000,27.19,U
sh600887,伊利股份,13:35:14,27.2,7900,27.2,D
sh600887,伊利股份,13:35:23,27.2,20700,27.2,D
sh600887,伊利股份,13:35:29,27.21,9700,27.2,U
sh600887,伊利股份,13:35:32,27.2,9800,27.21,D
sh600887,伊利股份,13:35:41,27.2,10700,27.2,D
sh600887,伊利股份,13:35:44,27.2,9100,27.2,D
sh600887,伊利股份,13:35:47,27.2,9800,27.2,D
sh600887,伊利股份,13:35:59,27.21,9800,27.21,U
sh600887,伊利股份,13:36:17,27.21,8200,27.21,U
sh600887,伊利股份,13:36:23,27.2,7900,27.2,D
sh600887,伊利股份,13:36:32,27.21,8800,27.21,U
sh600887,伊利股份,13:36:35,27.21,10400,27.21,U
sh600887,伊利股份,13:36:41,27.2,42200,27.21,D
sh600887,伊利股份,13:36:44,27.22,22600,27.2,U
sh600887,伊利股份,13:36:53,27.21,12300,27.2,U
sh600887,伊利股份,13:37:02,27.2,10700,27.2,D
sh600887,伊利股份,13:37:05,27.21,12400,27.2,U
sh600887,伊利股份,13:37:08,27.2,17900,27.21,D
sh600887,伊利股份,13:37:14,27.2,10500,27.2,D
sh600887,伊利股份,13:37:17,27.21,8400,27.2,U
sh600887,伊利股份,13:37:35,27.21,14900,27.2,U
sh600887,伊利股份,13:37:47,27.2,12600,27.21,D
sh600887,伊利股份,13:37:56,27.2,12500,27.2,D
sh600887,伊利股份,13:38:05,27.21,9500,27.2,U
sh600887,伊利股份,13:38:08,27.2,9700,27.21,D
sh600887,伊利股份,13:38:29,27.21,10500,27.21,U
sh600887,伊利股份,13:38:35,27.21,14500,27.2,U
sh600887,伊利股份,13:38:41,27.21,12500,27.2,U
sh600887,伊利股份,13:38:47,27.2,9600,27.21,D
sh600887,伊利股份,13:38:50,27.2,32700,27.2,D
sh600887,伊利股份,13:39:05,27.21,12800,27.2,U
sh600887,伊利股份,13:39:17,27.2,12500,27.2,D
sh600887,伊利股份,13:39:35,27.21,10200,27.2,U
sh600887,伊利股份,13:39:38,27.2,62700,27.21,D
sh600887,伊利股份,13:39:41,27.19,40600,27.2,D
sh600887,伊利股份,13:39:44,27.18,17500,27.19,D
sh600887,伊利股份,13:39:47,27.17,26100,27.18,D
sh600887,伊利股份,13:40:11,27.17,11100,27.17,D
sh600887,伊利股份,13:40:17,27.18,22500,27.17,U
sh600887,伊利股份,13:40:29,27.17,19900,27.17,D
sh600887,伊利股份,13:40:35,27.18,12400,27.17,U
sh600887,伊利股份,13:41:14,27.18,12800,27.17,U
sh600887,伊利股份,13:41:17,27.18,54800,27.18,U
sh600887,伊利股份,13:41:20,27.18,26100,27.18,D
sh600887,伊利股份,13:41:23,27.19,17200,27.18,U
sh600887,伊利股份,13:41:35,27.2,11500,27.19,U
sh600887,伊利股份,13:41:38,27.19,16900,27.2,D
sh600887,伊利股份,13:41:41,27.2,8300,27.19,U
sh600887,伊利股份,13:41:50,27.2,8000,27.19,U
sh600887,伊利股份,13:42:05,27.2,9400,27.2,U
sh600887,伊利股份,13:42:26,27.19,18400,27.19,D
sh600887,伊利股份,13:42:53,27.19,29300,27.2,D
sh600887,伊利股份,13:43:05,27.2,8700,27.2,U
sh600887,伊利股份,13:43:14,27.2,85600,27.19,U
sh600887,伊利股份,13:43:17,27.2,8400,27.2,U
sh600887,伊利股份,13:43:20,27.19,18100,27.2,D
sh600887,伊利股份,13:43:50,27.21,41200,27.2,U
sh600887,伊利股份,13:44:05,27.21,7400,27.21,U
sh600887,伊利股份,13:44:17,27.21,21900,27.21,U
sh600887,伊利股份,13:44:20,27.21,15800,27.21,U
sh600887,伊利股份,13:44:23,27.21,8500,27.21,U
sh600887,伊利股份,13:44:26,27.22,26300,27.21,U
sh600887,伊利股份,13:44:41,27.21,8500,27.21,D
sh600887,伊利股份,13:44:59,27.22,8900,27.22,U
sh600887,伊利股份,13:45:14,27.21,8300,27.22,D
sh600887,伊利股份,13:45:17,27.22,7900,27.21,U
sh600887,伊利股份,13:45:29,27.22,8300,27.22,U
sh600887,伊利股份,13:45:50,27.22,7600,27.21,U
sh600887,伊利股份,13:46:05,27.22,16700,27.22,U
sh600887,伊利股份,13:46:17,27.22,8000,27.21,U
sh600887,伊利股份,13:46:41,27.22,30300,27.21,U
sh600887,伊利股份,13:46:44,27.21,18100,27.22,D
sh600887,伊利股份,13:46:50,27.21,7900,27.22,D
sh600887,伊利股份,13:46:56,27.22,30000,27.22,U
sh600887,伊利股份,13:46:59,27.22,8800,27.22,U
sh600887,伊利股份,13:47:05,27.22,8400,27.22,U
sh600887,伊利股份,13:47:20,27.21,9200,27.21,D
sh600887,伊利股份,13:47:32,27.22,19100,27.22,U
sh600887,伊利股份,13:47:35,27.21,51600,27.22,D
sh600887,伊利股份,13:47:41,27.21,24700,27.21,D
sh600887,伊利股份,13:48:05,27.21,53300,27.22,D
sh600887,伊利股份,13:48:08,27.2,25800,27.21,D
sh600887,伊利股份,13:48:53,27.2,9500,27.2,U
sh600887,伊利股份,13:48:59,27.2,39000,27.19,U
sh600887,伊利股份,13:49:02,27.19,17700,27.2,D
sh600887,伊利股份,13:49:08,27.2,94200,27.19,U
sh600887,伊利股份,13:49:14,27.19,12300,27.19,D
sh600887,伊利股份,13:49:17,27.2,39400,27.19,U
sh600887,伊利股份,13:49:26,27.19,9400,27.2,D
sh600887,伊利股份,13:49:32,27.2,11500,27.19,U
sh600887,伊利股份,13:49:38,27.2,14900,27.2,U
sh600887,伊利股份,13:49:44,27.19,50800,27.2,D
sh600887,伊利股份,13:49:47,27.18,16800,27.19,D
sh600887,伊利股份,13:50:08,27.16,21400,27.18,D
sh600887,伊利股份,13:50:11,27.17,23200,27.16,U
sh600887,伊利股份,13:50:41,27.17,39900,27.17,U
sh600887,伊利股份,13:50:44,27.17,7400,27.17,D
sh600887,伊利股份,13:51:14,27.17,16900,27.17,D
sh600887,伊利股份,13:51:20,27.18,7600,27.17,U
sh600887,伊利股份,13:51:29,27.17,7600,27.17,D
sh600887,伊利股份,13:51:32,27.17,8700,27.17,D
sh600887,伊利股份,13:51:35,27.18,17500,27.17,U
sh600887,伊利股份,13:51:44,27.17,15800,27.17,D
sh600887,伊利股份,13:52:02,27.17,9300,27.17,D
sh600887,伊利股份,13:52:05,27.19,113500,27.17,U
sh600887,伊利股份,13:52:08,27.18,15700,27.19,D
sh600887,伊利股份,13:52:11,27.18,17100,27.18,D
sh600887,伊利股份,13:52:17,27.19,82200,27.18,U
sh600887,伊利股份,13:52:20,27.19,12600,27.19,U
sh600887,伊利股份,13:52:23,27.18,57300,27.19,D
sh600887,伊利股份,13:52:26,27.19,16500,27.18,U
sh600887,伊利股份,13:52:29,27.19,8700,27.19,U
sh600887,伊利股份,13:52:32,27.19,15000,27.19,D
sh600887,伊利股份,13:52:35,27.19,18200,27.19,U
sh600887,伊利股份,13:52:38,27.19,25400,27.19,U
sh600887,伊利股份,13:52:50,27.2,11100,27.2,U
sh600887,伊利股份,13:52:53,27.2,9800,27.2,U
sh600887,伊利股份,13:53:05,27.2,27100,27.2,U
sh600887,伊利股份,13:53:26,27.19,10800,27.19,D
sh600887,伊利股份,13:53:32,27.2,9100,27.2,U
sh600887,伊利股份,13:53:50,27.2,21900,27.2,U
sh600887,伊利股份,13:53:53,27.2,13100,27.2,D
sh600887,伊利股份,13:53:59,27.2,10800,27.2,D
sh600887,伊利股份,13:54:08,27.2,16200,27.21,D
sh600887,伊利股份,13:54:41,27.21,8100,27.21,U
sh600887,伊利股份,13:55:02,27.2,10500,27.2,D
sh600887,伊利股份,13:55:29,27.21,107500,27.2,U
sh600887,伊利股份,13:55:50,27.22,15800,27.21,U
sh600887,伊利股份,13:55:53,27.21,11900,27.22,D
sh600887,伊利股份,13:56:08,27.22,11200,27.22,U
sh600887,伊利股份,13:56:11,27.22,46100,27.22,U
sh600887,伊利股份,13:56:38,27.21,54900,27.23,D
sh600887,伊利股份,13:57:26,27.21,9300,27.21,U
sh600887,伊利股份,13:57:53,27.2,10700,27.21,D
sh600887,伊利股份,13:57:56,27.21,7700,27.2,U
sh600887,伊利股份,13:58:05,27.21,14800,27.2,U
sh600887,伊利股份,13:58:26,27.2,10100,27.2,D
sh600887,伊利股份,13:58:53,27.21,8100,27.21,U
sh600887,伊利股份,13:59:02,27.2,142700,27.21,D
sh600887,伊利股份,13:59:05,27.2,24100,27.2,U
sh600887,伊利股份,13:59:26,27.19,8500,27.19,U
sh600887,伊利股份,13:59:32,27.18,13100,27.18,D
sh600887,伊利股份,13:59:35,27.18,16100,27.18,D
sh600887,伊利股份,13:59:38,27.18,20200,27.18,U
sh600887,伊利股份,13:59:44,27.17,9400,27.17,U
sh600887,伊利股份,13:59:50,27.16,12900,27.16,D
sh600887,伊利股份,13:59:56,27.17,7700,27.16,U
sh600887,伊利股份,14:00:02,27.17,11100,27.16,U
sh600887,伊利股份,14:00:14,27.17,8400,27.16,U
sh600887,伊利股份,14:00:17,27.17,34700,27.17,U
sh600887,伊利股份,14:00:20,27.17,17800,27.17,U
sh600887,伊利股份,14:00:26,27.17,9400,27.17,U
sh600887,伊利股份,14:00:56,27.17,10900,27.16,U
sh600887,伊利股份,14:01:02,27.16,14300,27.17,D
sh600887,伊利股份,14:01:26,27.17,15600,27.16,U
sh600887,伊利股份,14:01:41,27.16,40700,27.16,D
sh600887,伊利股份,14:02:20,27.16,9500,27.16,U
sh600887,伊利股份,14:02:26,27.16,7700,27.16,U
sh600887,伊利股份,14:02:32,27.15,55100,27.16,D
sh600887,伊利股份,14:02:35,27.14,22400,27.15,D
sh600887,伊利股份,14:02:38,27.15,62000,27.14,U
sh600887,伊利股份,14:02:47,27.13,30400,27.13,D
sh600887,伊利股份,14:02:50,27.14,68300,27.13,U
sh600887,伊利股份,14:02:53,27.13,14200,27.14,U
sh600887,伊利股份,14:03:05,27.16,51100,27.14,U
sh600887,伊利股份,14:03:38,27.16,17200,27.15,U
sh600887,伊利股份,14:03:50,27.16,8500,27.16,U
sh600887,伊利股份,14:03:59,27.15,11700,27.15,D
sh600887,伊利股份,14:04:08,27.16,26100,27.16,U
sh600887,伊利股份,14:04:17,27.17,16200,27.16,U
sh600887,伊利股份,14:05:29,27.18,12300,27.17,U
sh600887,伊利股份,14:05:38,27.18,11300,27.18,U
sh600887,伊利股份,14:06:02,27.18,10800,27.18,U
sh600887,伊利股份,14:06:29,27.17,59500,27.17,D
sh600887,伊利股份,14:06:41,27.16,27500,27.16,D
sh600887,伊利股份,14:06:47,27.15,28200,27.16,D
sh600887,伊利股份,14:06:50,27.15,21300,27.15,U
sh600887,伊利股份,14:06:53,27.15,7800,27.15,U
sh600887,伊利股份,14:06:56,27.14,39100,27.15,D
sh600887,伊利股份,14:06:59,27.14,11600,27.14,D
sh600887,伊利股份,14:07:05,27.15,10100,27.14,U
sh600887,伊利股份,14:07:11,27.14,23600,27.14,D
sh600887,伊利股份,14:07:17,27.15,49100,27.15,U
sh600887,伊利股份,14:07:20,27.15,8400,27.15,D
sh600887,伊利股份,14:07:29,27.16,10100,27.16,U
sh600887,伊利股份,14:07:38,27.15,45500,27.16,D
sh600887,伊利股份,14:07:50,27.16,8500,27.16,U
sh600887,伊利股份,14:08:17,27.16,34200,27.16,U
sh600887,伊利股份,14:08:29,27.16,7700,27.15,U
sh600887,伊利股份,14:08:59,27.16,37400,27.15,U
sh600887,伊利股份,14:09:11,27.16,9000,27.16,U
sh600887,伊利股份,14:09:23,27.16,14600,27.16,U
sh600887,伊利股份,14:09:26,27.15,7400,27.16,D
sh600887,伊利股份,14:09:29,27.16,9200,27.15,U
sh600887,伊利股份,14:10:08,27.15,7700,27.16,D
sh600887,伊利股份,14:10:11,27.16,9700,27.15,U
sh600887,伊利股份,14:10:29,27.16,11700,27.15,U
sh600887,伊利股份,14:10:47,27.16,24900,27.16,U
sh600887,伊利股份,14:11:11,27.15,10000,27.15,D
sh600887,伊利股份,14:11:14,27.15,31600,27.15,D
sh600887,伊利股份,14:11:17,27.16,16200,27.15,U
sh600887,伊利股份,14:11:29,27.16,8700,27.15,U
sh600887,伊利股份,14:11:41,27.16,12300,27.16,U
sh600887,伊利股份,14:11:59,27.15,8200,27.16,D
sh600887,伊利股份,14:12:17,27.15,11000,27.15,D
sh600887,伊利股份,14:12:20,27.15,9200,27.15,D
sh600887,伊利股份,14:12:23,27.15,29300,27.15,D
sh600887,伊利股份,14:12:26,27.15,12000,27.15,D
sh600887,伊利股份,14:12:29,27.16,22800,27.15,U
sh600887,伊利股份,14:12:35,27.16,9100,27.15,U
sh600887,伊利股份,14:12:38,27.14,12900,27.16,D
sh600887,伊利股份,14:12:41,27.16,8300,27.14,U
sh600887,伊利股份,14:12:50,27.15,9000,27.14,U
sh600887,伊利股份,14:12:56,27.16,17800,27.15,U
sh600887,伊利股份,14:12:59,27.14,30100,27.16,D
sh600887,伊利股份,14:13:11,27.13,8200,27.14,D
sh600887,伊利股份,14:13:20,27.14,8500,27.15,E
sh600887,伊利股份,14:13:29,27.14,12500,27.12,U
sh600887,伊利股份,14:13:47,27.12,11300,27.13,D
sh600887,伊利股份,14:13:59,27.12,13200,27.12,D
sh600887,伊利股份,14:14:02,27.13,9200,27.12,U
sh600887,伊利股份,14:14:05,27.13,14700,27.13,U
sh600887,伊利股份,14:14:17,27.14,7400,27.13,U
sh600887,伊利股份,14:14:29,27.14,12000,27.13,U
sh600887,伊利股份,14:14:50,27.14,14200,27.13,U
sh600887,伊利股份,14:14:59,27.14,37800,27.12,U
sh600887,伊利股份,14:15:08,27.14,43900,27.13,U
sh600887,伊利股份,14:15:29,27.15,11300,27.14,U
sh600887,伊利股份,14:15:35,27.15,20600,27.15,U
sh600887,伊利股份,14:15:38,27.14,8300,27.15,D
sh600887,伊利股份,14:15:56,27.14,9300,27.14,D
sh600887,伊利股份,14:16:08,27.14,19000,27.15,D
sh600887,伊利股份,14:16:14,27.14,9200,27.14,D
sh600887,伊利股份,14:16:20,27.14,7500,27.14,D
sh600887,伊利股份,14:16:59,27.15,11000,27.14,U
sh600887,伊利股份,14:17:05,27.15,9400,27.15,U
sh600887,伊利股份,14:17:20,27.14,10200,27.14,D
sh600887,伊利股份,14:17:29,27.14,7500,27.14,D
sh600887,伊利股份,14:17:35,27.15,23400,27.14,U
sh600887,伊利股份,14:17:47,27.14,9400,27.14,D
sh600887,伊利股份,14:18:02,27.15,7900,27.15,U
sh600887,伊利股份,14:18:32,27.14,18100,27.14,D
sh600887,伊利股份,14:18:35,27.15,34700,27.14,U
sh600887,伊利股份,14:18:44,27.15,12100,27.15,U
sh600887,伊利股份,14:19:11,27.15,7500,27.15,U
sh600887,伊利股份,14:19:14,27.15,28300,27.15,U
sh600887,伊利股份,14:19:17,27.15,13400,27.15,U
sh600887,伊利股份,14:19:20,27.15,13200,27.15,U
sh600887,伊利股份,14:19:32,27.15,8800,27.15,D
sh600887,伊利股份,14:19:53,27.15,32500,27.15,D
sh600887,伊利股份,14:20:02,27.15,12600,27.15,D
sh600887,伊利股份,14:20:05,27.16,18300,27.15,U
sh600887,伊利股份,14:20:08,27.16,26800,27.16,U
sh600887,伊利股份,14:20:14,27.16,18900,27.15,U
sh600887,伊利股份,14:20:26,27.15,8400,27.15,D
sh600887,伊利股份,14:20:32,27.16,8100,27.15,U
sh600887,伊利股份,14:20:38,27.15,32600,27.16,D
sh600887,伊利股份,14:21:02,27.15,14000,27.15,D
sh600887,伊利股份,14:21:05,27.16,10100,27.15,U
sh600887,伊利股份,14:21:08,27.15,9100,27.16,D
sh600887,伊利股份,14:21:11,27.16,18900,27.15,U
sh600887,伊利股份,14:21:20,27.15,18100,27.15,D
sh600887,伊利股份,14:21:26,27.15,8000,27.16,D
sh600887,伊利股份,14:21:32,27.16,7400,27.15,U
sh600887,伊利股份,14:21:44,27.15,20600,27.16,D
sh600887,伊利股份,14:22:02,27.15,8700,27.15,D
sh600887,伊利股份,14:22:05,27.16,18700,27.15,U
sh600887,伊利股份,14:22:08,27.15,28700,27.16,D
sh600887,伊利股份,14:22:11,27.16,20200,27.15,U
sh600887,伊利股份,14:22:17,27.15,23900,27.15,D
sh600887,伊利股份,14:22:20,27.16,34700,27.15,U
sh600887,伊利股份,14:22:23,27.17,32300,27.16,U
sh600887,伊利股份,14:22:26,27.16,21600,27.17,D
sh600887,伊利股份,14:22:29,27.16,13100,27.16,U
sh600887,伊利股份,14:22:32,27.16,20200,27.16,D
sh600887,伊利股份,14:22:35,27.16,10900,27.16,U
sh600887,伊利股份,14:22:41,27.16,7400,27.16,D
sh600887,伊利股份,14:22:44,27.17,16800,27.16,U
sh600887,伊利股份,14:22:47,27.16,18200,27.17,D
sh600887,伊利股份,14:22:50,27.17,27600,27.16,U
sh600887,伊利股份,14:22:53,27.16,46400,27.17,D
sh600887,伊利股份,14:23:02,27.15,9900,27.15,D
sh600887,伊利股份,14:23:05,27.16,21900,27.15,U
sh600887,伊利股份,14:23:17,27.15,14000,27.15,D
sh600887,伊利股份,14:23:20,27.16,21116,27.15,U
sh600887,伊利股份,14:23:26,27.16,13216,27.15,U
sh600887,伊利股份,14:23:29,27.15,10584,27.16,D
sh600887,伊利股份,14:23:32,27.16,8816,27.15,U
sh600887,伊利股份,14:23:38,27.16,10000,27.16,D
sh600887,伊利股份,14:23:50,27.15,7600,27.16,D
sh600887,伊利股份,14:23:59,27.15,10000,27.16,D
sh600887,伊利股份,14:24:02,27.16,18000,27.15,U
sh600887,伊利股份,14:24:05,27.15,62584,27.16,D
sh600887,伊利股份,14:24:08,27.13,38300,27.15,D
sh600887,伊利股份,14:24:11,27.14,10500,27.13,U
sh600887,伊利股份,14:24:14,27.13,11700,27.14,D
sh600887,伊利股份,14:24:17,27.12,8200,27.13,D
sh600887,伊利股份,14:24:20,27.12,14300,27.12,D
sh600887,伊利股份,14:24:29,27.12,31900,27.13,D
sh600887,伊利股份,14:24:32,27.13,19400,27.12,U
sh600887,伊利股份,14:24:47,27.13,9800,27.13,D
sh600887,伊利股份,14:24:56,27.14,21900,27.13,U
sh600887,伊利股份,14:25:02,27.13,17400,27.13,U
sh600887,伊利股份,14:25:14,27.13,14900,27.12,U
sh600887,伊利股份,14:25:29,27.14,84100,27.14,U
sh600887,伊利股份,14:25:32,27.15,7800,27.14,U
sh600887,伊利股份,14:25:47,27.14,11300,27.14,D
sh600887,伊利股份,14:25:53,27.14,22300,27.14,D
sh600887,伊利股份,14:26:02,27.15,22600,27.14,U
sh600887,伊利股份,14:26:11,27.14,9400,27.14,D
sh600887,伊利股份,14:26:29,27.15,13400,27.14,U
sh600887,伊利股份,14:26:32,27.15,18800,27.15,U
sh600887,伊利股份,14:26:35,27.15,7700,27.15,U
sh600887,伊利股份,14:26:50,27.14,23800,27.14,D
sh600887,伊利股份,14:26:53,27.15,15800,27.14,U
sh600887,伊利股份,14:27:02,27.15,7400,27.14,U
sh600887,伊利股份,14:27:14,27.14,10600,27.14,D
sh600887,伊利股份,14:27:17,27.15,36800,27.14,U
sh600887,伊利股份,14:27:23,27.15,11000,27.15,D
sh600887,伊利股份,14:27:32,27.15,12700,27.15,D
sh600887,伊利股份,14:27:47,27.15,7700,27.15,D
sh600887,伊利股份,14:27:56,27.15,8600,27.15,D
sh600887,伊利股份,14:28:05,27.16,8400,27.15,U
sh600887,伊利股份,14:28:23,27.16,12100,27.15,U
sh600887,伊利股份,14:28:29,27.15,36200,27.16,D
sh600887,伊利股份,14:28:35,27.15,9000,27.15,U
sh600887,伊利股份,14:28:38,27.15,17900,27.15,U
sh600887,伊利股份,14:28:44,27.15,13800,27.15,U
sh600887,伊利股份,14:28:50,27.14,9200,27.15,D
sh600887,伊利股份,14:28:56,27.15,11400,27.14,U
sh600887,伊利股份,14:29:05,27.15,8500,27.15,U
sh600887,伊利股份,14:29:08,27.14,13900,27.15,D
sh600887,伊利股份,14:29:11,27.15,16600,27.14,U
sh600887,伊利股份,14:29:14,27.14,35500,27.15,D
sh600887,伊利股份,14:29:17,27.14,11100,27.14,D
sh600887,伊利股份,14:29:29,27.14,11200,27.15,D
sh600887,伊利股份,14:29:32,27.14,7900,27.14,D
sh600887,伊利股份,14:29:56,27.14,10200,27.14,D
sh600887,伊利股份,14:29:59,27.14,13400,27.14,D
sh600887,伊利股份,14:30:05,27.14,20000,27.15,D
sh600887,伊利股份,14:30:08,27.14,8100,27.14,D
sh600887,伊利股份,14:30:35,27.14,9500,27.13,U
sh600887,伊利股份,14:30:41,27.13,9600,27.13,D
sh600887,伊利股份,14:30:47,27.13,11400,27.14,D
sh600887,伊利股份,14:30:56,27.13,10000,27.14,D
sh600887,伊利股份,14:30:59,27.13,10200,27.13,D
sh600887,伊利股份,14:31:02,27.13,36400,27.13,D
sh600887,伊利股份,14:31:05,27.14,24500,27.13,U
sh600887,伊利股份,14:31:08,27.12,25400,27.14,D
sh600887,伊利股份,14:31:17,27.12,9900,27.12,D
sh600887,伊利股份,14:31:23,27.12,13600,27.12,D
sh600887,伊利股份,14:31:29,27.12,18000,27.12,D
sh600887,伊利股份,14:31:32,27.12,8600,27.12,U
sh600887,伊利股份,14:31:35,27.11,16800,27.12,D
sh600887,伊利股份,14:31:38,27.11,14300,27.11,D
sh600887,伊利股份,14:31:50,27.11,7600,27.11,D
sh600887,伊利股份,14:31:53,27.12,115900,27.11,U
sh600887,伊利股份,14:31:59,27.1,42200,27.11,D
sh600887,伊利股份,14:32:05,27.1,9400,27.1,D
sh600887,伊利股份,14:32:08,27.1,36300,27.1,D
sh600887,伊利股份,14:32:11,27.09,12500,27.1,D
sh600887,伊利股份,14:32:14,27.09,11100,27.09,D
sh600887,伊利股份,14:32:17,27.07,39900,27.09,D
sh600887,伊利股份,14:32:20,27.06,47300,27.07,D
sh600887,伊利股份,14:32:23,27.07,18400,27.06,U
sh600887,伊利股份,14:32:26,27.07,11800,27.07,U
sh600887,伊利股份,14:32:29,27.06,58300,27.07,D
sh600887,伊利股份,14:32:32,27.07,18400,27.06,U
sh600887,伊利股份,14:32:35,27.07,120600,27.07,U
sh600887,伊利股份,14:32:38,27.09,12000,27.07,U
sh600887,伊利股份,14:32:41,27.09,22100,27.09,U
sh600887,伊利股份,14:32:47,27.08,38600,27.09,D
sh600887,伊利股份,14:32:50,27.09,16700,27.08,U
sh600887,伊利股份,14:32:56,27.1,8200,27.08,U
sh600887,伊利股份,14:33:02,27.09,37900,27.09,U
sh600887,伊利股份,14:33:05,27.09,14200,27.09,U
sh600887,伊利股份,14:33:08,27.09,9700,27.09,D
sh600887,伊利股份,14:33:11,27.08,16200,27.09,D
sh600887,伊利股份,14:33:17,27.09,27100,27.08,U
sh600887,伊利股份,14:33:26,27.08,13500,27.08,D
sh600887,伊利股份,14:33:29,27.08,8200,27.08,D
sh600887,伊利股份,14:33:35,27.08,20500,27.08,U
sh600887,伊利股份,14:33:38,27.08,15400,27.08,D
sh600887,伊利股份,14:33:44,27.08,10100,27.08,U
sh600887,伊利股份,14:33:50,27.08,71400,27.07,U
sh600887,伊利股份,14:33:53,27.09,58000,27.08,U
sh600887,伊利股份,14:33:59,27.09,8000,27.09,D
sh600887,伊利股份,14:34:05,27.09,15800,27.08,U
sh600887,伊利股份,14:34:08,27.08,9500,27.09,D
sh600887,伊利股份,14:34:11,27.08,15100,27.08,D
sh600887,伊利股份,14:34:17,27.1,130100,27.08,U
sh600887,伊利股份,14:34:20,27.1,36600,27.1,D
sh600887,伊利股份,14:34:38,27.1,17300,27.1,D
sh600887,伊利股份,14:34:56,27.11,21800,27.1,U
sh600887,伊利股份,14:34:59,27.11,10300,27.11,U
sh600887,伊利股份,14:35:05,27.11,15600,27.11,U
sh600887,伊利股份,14:35:08,27.11,10200,27.11,U
sh600887,伊利股份,14:35:11,27.1,13500,27.11,D
sh600887,伊利股份,14:35:20,27.11,7400,27.11,U
sh600887,伊利股份,14:35:29,27.1,13000,27.1,D
sh600887,伊利股份,14:36:02,27.1,132200,27.1,D
sh600887,伊利股份,14:36:05,27.11,8400,27.1,U
sh600887,伊利股份,14:36:08,27.11,7500,27.11,D
sh600887,伊利股份,14:36:14,27.11,42600,27.11,D
sh600887,伊利股份,14:36:17,27.12,16400,27.11,U
sh600887,伊利股份,14:36:23,27.11,18700,27.12,D
sh600887,伊利股份,14:36:29,27.11,11600,27.11,D
sh600887,伊利股份,14:36:44,27.11,11100,27.11,D
sh600887,伊利股份,14:36:47,27.12,7700,27.11,U
sh600887,伊利股份,14:36:53,27.12,11700,27.12,U
sh600887,伊利股份,14:37:08,27.11,7600,27.12,D
sh600887,伊利股份,14:37:14,27.12,11500,27.11,U
sh600887,伊利股份,14:37:23,27.11,81500,27.11,D
sh600887,伊利股份,14:37:26,27.11,9300,27.11,D
sh600887,伊利股份,14:37:29,27.1,20800,27.11,D
sh600887,伊利股份,14:37:38,27.11,17000,27.1,U
sh600887,伊利股份,14:37:47,27.1,14100,27.1,D
sh600887,伊利股份,14:37:59,27.1,11000,27.1,D
sh600887,伊利股份,14:38:14,27.1,11600,27.1,D
sh600887,伊利股份,14:38:17,27.1,7400,27.1,D
sh600887,伊利股份,14:38:20,27.1,88400,27.1,D
sh600887,伊利股份,14:38:23,27.1,13200,27.1,D
sh600887,伊利股份,14:38:26,27.1,35200,27.1,D
sh600887,伊利股份,14:38:32,27.1,20100,27.11,D
sh600887,伊利股份,14:38:35,27.08,58900,27.1,D
sh600887,伊利股份,14:38:38,27.08,27200,27.08,D
sh600887,伊利股份,14:38:41,27.09,17800,27.08,U
sh600887,伊利股份,14:38:44,27.08,8500,27.09,D
sh600887,伊利股份,14:38:47,27.09,66900,27.08,U
sh600887,伊利股份,14:38:50,27.1,139000,27.09,U
sh600887,伊利股份,14:38:56,27.1,8300,27.1,D
sh600887,伊利股份,14:38:59,27.1,13800,27.1,D
sh600887,伊利股份,14:39:08,27.1,26400,27.1,U
sh600887,伊利股份,14:39:11,27.09,15000,27.1,D
sh600887,伊利股份,14:39:17,27.08,27300,27.09,D
sh600887,伊利股份,14:39:29,27.08,9400,27.08,D
sh600887,伊利股份,14:39:32,27.09,10700,27.08,U
sh600887,伊利股份,14:39:38,27.08,38600,27.08,D
sh600887,伊利股份,14:39:41,27.09,28700,27.08,U
sh600887,伊利股份,14:39:44,27.09,31400,27.09,U
sh600887,伊利股份,14:39:47,27.09,28300,27.09,U
sh600887,伊利股份,14:39:50,27.09,67900,27.09,D
sh600887,伊利股份,14:39:53,27.11,42600,27.09,E
sh600887,伊利股份,14:39:56,27.11,31500,27.11,U
sh600887,伊利股份,14:40:02,27.1,7800,27.11,D
sh600887,伊利股份,14:40:08,27.09,16500,27.1,D
sh600887,伊利股份,14:40:11,27.09,7800,27.09,D
sh600887,伊利股份,14:40:14,27.1,20300,27.09,U
sh600887,伊利股份,14:40:17,27.09,9200,27.1,D
sh600887,伊利股份,14:40:23,27.1,39800,27.09,U
sh600887,伊利股份,14:40:32,27.11,19900,27.1,U
sh600887,伊利股份,14:40:35,27.11,9000,27.11,U
sh600887,伊利股份,14:40:44,27.1,9500,27.1,D
sh600887,伊利股份,14:40:47,27.1,12200,27.1,D
sh600887,伊利股份,14:40:53,27.1,14200,27.1,D
sh600887,伊利股份,14:40:59,27.1,10100,27.1,D
sh600887,伊利股份,14:41:08,27.11,8000,27.1,U
sh600887,伊利股份,14:41:17,27.1,10000,27.1,D
sh600887,伊利股份,14:41:23,27.1,13700,27.1,U
sh600887,伊利股份,14:41:38,27.1,10900,27.1,D
sh600887,伊利股份,14:41:41,27.09,10200,27.1,D
sh600887,伊利股份,14:41:50,27.09,13600,27.09,D
sh600887,伊利股份,14:41:56,27.09,9600,27.1,D
sh600887,伊利股份,14:41:59,27.1,17100,27.09,U
sh600887,伊利股份,14:42:08,27.09,10500,27.09,D
sh600887,伊利股份,14:42:20,27.09,11300,27.09,D
sh600887,伊利股份,14:42:32,27.09,14400,27.09,D
sh600887,伊利股份,14:42:35,27.1,54200,27.09,U
sh600887,伊利股份,14:42:44,27.1,9200,27.1,D
sh600887,伊利股份,14:42:59,27.1,11600,27.1,D
sh600887,伊利股份,14:43:11,27.1,11200,27.1,D
sh600887,伊利股份,14:43:17,27.11,18400,27.11,U
sh600887,伊利股份,14:43:23,27.11,14000,27.1,U
sh600887,伊利股份,14:43:26,27.11,26800,27.11,U
sh600887,伊利股份,14:43:29,27.1,8400,27.11,D
sh600887,伊利股份,14:43:32,27.1,8400,27.1,D
sh600887,伊利股份,14:43:35,27.1,16200,27.1,D
sh600887,伊利股份,14:43:38,27.1,14300,27.1,D
sh600887,伊利股份,14:43:41,27.1,7400,27.1,D
sh600887,伊利股份,14:43:44,27.1,14600,27.1,D
sh600887,伊利股份,14:43:47,27.1,27200,27.1,D
sh600887,伊利股份,14:43:50,27.1,39400,27.1,D
sh600887,伊利股份,14:43:53,27.1,29600,27.1,D
sh600887,伊利股份,14:43:59,27.1,11800,27.1,D
sh600887,伊利股份,14:44:02,27.09,35900,27.1,D
sh600887,伊利股份,14:44:05,27.08,85500,27.09,D
sh600887,伊利股份,14:44:08,27.08,48800,27.08,D
sh600887,伊利股份,14:44:11,27.08,8500,27.08,D
sh600887,伊利股份,14:44:14,27.09,10200,27.08,U
sh600887,伊利股份,14:44:17,27.08,16100,27.09,D
sh600887,伊利股份,14:44:23,27.08,13500,27.08,D
sh600887,伊利股份,14:44:26,27.07,7700,27.08,D
sh600887,伊利股份,14:44:29,27.08,42300,27.07,D
sh600887,伊利股份,14:44:35,27.08,17400,27.08,U
sh600887,伊利股份,14:44:38,27.07,30400,27.08,D
sh600887,伊利股份,14:44:44,27.08,28900,27.09,D
sh600887,伊利股份,14:44:50,27.1,197100,27.08,U
sh600887,伊利股份,14:44:53,27.09,26200,27.1,D
sh600887,伊利股份,14:44:56,27.09,25900,27.09,D
sh600887,伊利股份,14:44:59,27.09,18000,27.09,D
sh600887,伊利股份,14:45:02,27.09,9800,27.09,D
sh600887,伊利股份,14:45:08,27.09,20700,27.1,D
sh600887,伊利股份,14:45:14,27.1,8800,27.1,U
sh600887,伊利股份,14:45:17,27.09,8700,27.1,D
sh600887,伊利股份,14:45:20,27.1,8300,27.09,U
sh600887,伊利股份,14:45:26,27.09,11900,27.1,D
sh600887,伊利股份,14:45:29,27.09,8799,27.09,D
sh600887,伊利股份,14:45:35,27.1,16500,27.09,U
sh600887,伊利股份,14:45:44,27.1,9200,27.1,U
sh600887,伊利股份,14:45:50,27.1,8800,27.1,U
sh600887,伊利股份,14:45:56,27.1,24800,27.09,U
sh600887,伊利股份,14:45:59,27.1,16200,27.1,D
sh600887,伊利股份,14:46:02,27.1,8229,27.1,U
sh600887,伊利股份,14:46:17,27.1,17200,27.1,D
sh600887,伊利股份,14:46:20,27.1,21600,27.1,D
sh600887,伊利股份,14:46:32,27.11,21100,27.11,U
sh600887,伊利股份,14:46:38,27.1,8700,27.1,D
sh600887,伊利股份,14:46:41,27.1,7800,27.1,D
sh600887,伊利股份,14:46:47,27.1,22200,27.11,D
sh600887,伊利股份,14:46:50,27.1,7600,27.1,D
sh600887,伊利股份,14:46:53,27.11,8400,27.1,U
sh600887,伊利股份,14:46:56,27.11,28900,27.11,U
sh600887,伊利股份,14:46:59,27.1,9700,27.11,D
sh600887,伊利股份,14:47:08,27.11,11000,27.11,U
sh600887,伊利股份,14:47:14,27.11,14900,27.1,U
sh600887,伊利股份,14:47:17,27.1,10100,27.11,D
sh600887,伊利股份,14:48:11,27.1,10500,27.1,D
sh600887,伊利股份,14:48:14,27.1,17000,27.1,D
sh600887,伊利股份,14:48:17,27.1,11400,27.1,D
sh600887,伊利股份,14:48:20,27.1,10800,27.1,D
sh600887,伊利股份,14:48:23,27.1,18600,27.1,D
sh600887,伊利股份,14:48:38,27.1,13900,27.1,D
sh600887,伊利股份,14:48:44,27.1,11800,27.1,D
sh600887,伊利股份,14:48:47,27.11,7400,27.1,U
sh600887,伊利股份,14:48:53,27.11,11500,27.11,U
sh600887,伊利股份,14:49:05,27.11,33500,27.11,U
sh600887,伊利股份,14:49:08,27.11,231800,27.11,U
sh600887,伊利股份,14:49:11,27.12,17500,27.11,U
sh600887,伊利股份,14:49:17,27.12,8900,27.12,D
sh600887,伊利股份,14:49:20,27.12,24900,27.12,D
sh600887,伊利股份,14:49:26,27.11,27300,27.13,D
sh600887,伊利股份,14:49:29,27.12,7800,27.11,E
sh600887,伊利股份,14:49:32,27.13,7400,27.12,U
sh600887,伊利股份,14:49:38,27.13,24100,27.13,U
sh600887,伊利股份,14:49:41,27.13,7800,27.13,U
sh600887,伊利股份,14:49:44,27.13,17100,27.13,U
sh600887,伊利股份,14:49:56,27.12,9900,27.12,D
sh600887,伊利股份,14:50:02,27.14,36100,27.12,U
sh600887,伊利股份,14:50:05,27.13,28900,27.14,D
sh600887,伊利股份,14:50:08,27.13,14000,27.13,U
sh600887,伊利股份,14:50:11,27.14,14800,27.13,U
sh600887,伊利股份,14:50:14,27.12,14800,27.14,D
sh600887,伊利股份,14:50:29,27.12,8300,27.13,D
sh600887,伊利股份,14:50:32,27.13,9500,27.12,U
sh600887,伊利股份,14:50:35,27.13,12200,27.13,U
sh600887,伊利股份,14:50:38,27.13,8300,27.13,U
sh600887,伊利股份,14:50:41,27.14,21200,27.13,U
sh600887,伊利股份,14:51:05,27.13,11500,27.13,U
sh600887,伊利股份,14:51:08,27.13,8800,27.13,D
sh600887,伊利股份,14:51:11,27.13,10700,27.13,D
sh600887,伊利股份,14:51:14,27.13,10900,27.13,D
sh600887,伊利股份,14:51:17,27.13,15500,27.13,U
sh600887,伊利股份,14:51:23,27.12,40700,27.13,D
sh600887,伊利股份,14:51:26,27.12,14500,27.12,D
sh600887,伊利股份,14:51:32,27.12,7400,27.13,D
sh600887,伊利股份,14:51:38,27.12,19000,27.12,D
sh600887,伊利股份,14:51:44,27.12,7600,27.12,D
sh600887,伊利股份,14:51:50,27.11,17900,27.13,D
sh600887,伊利股份,14:51:53,27.12,9200,27.11,D
sh600887,伊利股份,14:52:02,27.12,13200,27.12,U
sh600887,伊利股份,14:52:11,27.11,18100,27.11,D
sh600887,伊利股份,14:52:14,27.11,12100,27.11,D
sh600887,伊利股份,14:52:17,27.12,13600,27.11,U
sh600887,伊利股份,14:52:20,27.1,14000,27.12,D
sh600887,伊利股份,14:52:23,27.11,9036,27.1,U
sh600887,伊利股份,14:52:26,27.11,34864,27.11,D
sh600887,伊利股份,14:52:29,27.11,9800,27.11,U
sh600887,伊利股份,14:52:32,27.1,12000,27.11,D
sh600887,伊利股份,14:52:38,27.11,35236,27.11,U
sh600887,伊利股份,14:52:41,27.11,13600,27.11,U
sh600887,伊利股份,14:52:44,27.11,16600,27.11,U
sh600887,伊利股份,14:52:47,27.11,12500,27.11,U
sh600887,伊利股份,14:52:50,27.1,13600,27.11,D
sh600887,伊利股份,14:52:56,27.11,20000,27.11,U
sh600887,伊利股份,14:52:59,27.12,22000,27.11,U
sh600887,伊利股份,14:53:02,27.11,8600,27.12,U
sh600887,伊利股份,14:53:11,27.11,16200,27.11,U
sh600887,伊利股份,14:53:17,27.11,7600,27.11,U
sh600887,伊利股份,14:53:32,27.12,11200,27.12,U
sh600887,伊利股份,14:53:47,27.12,36200,27.12,U
sh600887,伊利股份,14:53:50,27.11,16300,27.12,D
sh600887,伊利股份,14:53:53,27.12,11100,27.11,U
sh600887,伊利股份,14:53:56,27.12,15900,27.12,U
sh600887,伊利股份,14:54:08,27.12,19300,27.11,U
sh600887,伊利股份,14:54:11,27.11,14400,27.12,D
sh600887,伊利股份,14:54:20,27.11,7800,27.11,D
sh600887,伊利股份,14:54:29,27.11,7600,27.11,D
sh600887,伊利股份,14:54:41,27.11,12600,27.12,D
sh600887,伊利股份,14:54:44,27.11,8800,27.11,D
sh600887,伊利股份,14:54:47,27.1,24400,27.11,D
sh600887,伊利股份,14:54:59,27.11,30800,27.11,U
sh600887,伊利股份,14:55:02,27.11,8400,27.11,D
sh600887,伊利股份,14:55:05,27.11,44200,27.11,D
sh600887,伊利股份,14:55:11,27.11,24600,27.11,U
sh600887,伊利股份,14:55:14,27.11,8300,27.11,D
sh600887,伊利股份,14:55:17,27.11,18900,27.11,D
sh600887,伊利股份,14:55:20,27.12,15700,27.11,U
sh600887,伊利股份,14:55:23,27.12,15800,27.12,U
sh600887,伊利股份,14:55:26,27.12,30400,27.12,U
sh600887,伊利股份,14:55:32,27.11,11300,27.12,D
sh600887,伊利股份,14:55:35,27.11,79200,27.11,D
sh600887,伊利股份,14:55:38,27.11,22200,27.11,D
sh600887,伊利股份,14:55:41,27.11,21600,27.11,D
sh600887,伊利股份,14:55:44,27.12,11500,27.11,U
sh600887,伊利股份,14:55:47,27.11,35900,27.12,D
sh600887,伊利股份,14:55:53,27.12,30400,27.12,U
sh600887,伊利股份,14:56:02,27.13,32200,27.12,U
sh600887,伊利股份,14:56:41,27.12,10800,27.13,D
sh600887,伊利股份,14:56:47,27.12,7500,27.13,D
sh600887,伊利股份,15:00:01,27.13,595896,27.13,U
