symbol,name,ticktime,price,volume,prev_price,kind
sh600519,贵州茅台,09:25:00,1434.95,22900,0.0,U
sh600519,贵州茅台,09:30:01,1435.0,1027,1434.95,U
sh600519,贵州茅台,09:30:03,1434.95,2700,1435.0,D
sh600519,贵州茅台,09:30:06,1434.51,4100,1434.95,D
sh600519,贵州茅台,09:30:09,1435.0,1800,1434.51,U
sh600519,贵州茅台,09:30:13,1434.95,1900,1435.0,D
sh600519,贵州茅台,09:30:15,1434.35,3073,1434.95,D
sh600519,贵州茅台,09:30:18,1434.95,3027,1434.35,U
sh600519,贵州茅台,09:30:21,1434.95,1873,1434.95,D
sh600519,贵州茅台,09:30:25,1434.95,1200,1434.95,E
sh600519,贵州茅台,09:30:28,1434.9,2300,1434.95,D
sh600519,贵州茅台,09:30:31,1434.95,4200,1434.9,U
sh600519,贵州茅台,09:30:34,1433.8,2000,1434.95,D
sh600519,贵州茅台,09:30:37,1433.74,2900,1433.8,E
sh600519,贵州茅台,09:30:40,1434.34,4600,1433.74,U
sh600519,贵州茅台,09:30:43,1434.9,1500,1434.34,U
sh600519,贵州茅台,09:30:46,1433.75,2900,1434.9,D
sh600519,贵州茅台,09:30:49,1434.55,1100,1433.75,E
sh600519,贵州茅台,09:30:52,1433.76,1900,1434.55,E
sh600519,贵州茅台,09:30:55,1434.0,1800,1433.76,U
sh600519,贵州茅台,09:30:58,1433.99,1600,1434.0,E
sh600519,贵州茅台,09:31:01,1433.0,1900,1433.99,E
sh600519,贵州茅台,09:31:04,1432.69,2300,1433.0,D
sh600519,贵州茅台,09:31:07,1433.99,1900,1432.69,E
sh600519,贵州茅台,09:31:10,1432.69,1200,1433.99,D
sh600519,贵州茅台,09:31:12,1432.98,1400,1432.69,U
sh600519,贵州茅台,09:31:16,1432.01,300,1432.98,D
sh600519,贵州茅台,09:31:19,1431.99,1200,1432.01,D
sh600519,贵州茅台,09:31:22,1431.57,5900,1431.99,D
sh600519,贵州茅台,09:31:25,1431.33,1100,1431.57,D
sh600519,贵州茅台,09:31:28,1431.18,1600,1431.33,D
sh600519,贵州茅台,09:31:31,1431.16,1500,1431.18,U
sh600519,贵州茅台,09:31:34,1430.5,900,1431.16,U
sh600519,贵州茅台,09:31:37,1430.02,600,1430.5,D
sh600519,贵州茅台,09:31:40,1430.01,1100,1430.02,D
sh600519,贵州茅台,09:31:43,1430.43,1800,1430.01,U
sh600519,贵州茅台,09:31:46,1430.45,700,1430.43,U
sh600519,贵州茅台,09:31:49,1430.45,900,1430.45,U
sh600519,贵州茅台,09:31:52,1430.43,3300,1430.45,D
sh600519,贵州茅台,09:31:55,1430.45,1500,1430.43,U
sh600519,贵州茅台,09:31:58,1430.38,1400,1430.45,D
sh600519,贵州茅台,09:32:01,1430.81,4400,1430.38,U
sh600519,贵州茅台,09:32:04,1432.45,2200,1430.81,U
sh600519,贵州茅台,09:32:07,1431.46,900,1432.45,D
sh600519,贵州茅台,09:32:13,1432.95,600,1431.46,E
sh600519,贵州茅台,09:32:16,1431.56,600,1432.95,E
sh600519,贵州茅台,09:32:19,1431.56,600,1431.56,D
sh600519,贵州茅台,09:32:22,1431.56,2400,1431.56,D
sh600519,贵州茅台,09:32:25,1431.56,800,1431.56,D
sh600519,贵州茅台,09:32:28,1430.88,200,1431.56,E
sh600519,贵州茅台,09:32:31,1431.0,1100,1430.88,U
sh600519,贵州茅台,09:32:34,1430.82,1800,1431.0,D
sh600519,贵州茅台,09:32:37,1430.78,1800,1430.82,D
sh600519,贵州茅台,09:32:40,1430.82,800,1430.78,U
sh600519,贵州茅台,09:32:43,1430.51,1200,1430.82,D
sh600519,贵州茅台,09:32:46,1430.53,700,1430.51,E
sh600519,贵州茅台,09:32:48,1430.8,500,1430.53,U
sh600519,贵州茅台,09:32:52,1430.53,1900,1430.8,D
sh600519,贵州茅台,09:32:55,1430.0,6500,1430.53,D
sh600519,贵州茅台,09:32:58,1429.68,3600,1430.0,D
sh600519,贵州茅台,09:33:01,1429.05,1000,1429.68,D
sh600519,贵州茅台,09:33:04,1429.04,700,1429.05,E
sh600519,贵州茅台,09:33:07,1429.01,1300,1429.04,D
sh600519,贵州茅台,09:33:10,1428.45,1000,1429.01,D
sh600519,贵州茅台,09:33:13,1428.25,900,1428.45,D
sh600519,贵州茅台,09:33:16,1428.19,3800,1428.25,E
sh600519,贵州茅台,09:33:19,1428.08,900,1428.19,D
sh600519,贵州茅台,09:33:22,1428.0,1800,1428.08,D
sh600519,贵州茅台,09:33:25,1428.0,1100,1428.0,D
sh600519,贵州茅台,09:33:28,1428.0,1400,1428.0,D
sh600519,贵州茅台,09:33:31,1428.08,400,1428.0,U
sh600519,贵州茅台,09:33:34,1428.08,1300,1428.08,U
sh600519,贵州茅台,09:33:37,1428.01,1200,1428.08,E
sh600519,贵州茅台,09:33:40,1428.01,1800,1428.01,D
sh600519,贵州茅台,09:33:43,1428.08,800,1428.01,E
sh600519,贵州茅台,09:33:46,1428.01,200,1428.08,D
sh600519,贵州茅台,09:33:49,1428.1,600,1428.01,U
sh600519,贵州茅台,09:33:52,1428.05,700,1428.1,U
sh600519,贵州茅台,09:33:54,1428.08,200,1428.05,E
sh600519,贵州茅台,09:33:58,1428.01,2329,1428.08,D
sh600519,贵州茅台,09:34:01,1428.1,2400,1428.01,D
sh600519,贵州茅台,09:34:04,1428.1,700,1428.1,E
sh600519,贵州茅台,09:34:07,1428.02,1500,1428.1,E
sh600519,贵州茅台,09:34:10,1428.03,700,1428.02,U
sh600519,贵州茅台,09:34:13,1428.01,300,1428.03,D
sh600519,贵州茅台,09:34:16,1428.05,300,1428.01,E
sh600519,贵州茅台,09:34:19,1428.05,500,1428.05,D
sh600519,贵州茅台,09:34:22,1428.05,1900,1428.05,D
sh600519,贵州茅台,09:34:25,1428.05,600,1428.05,U
sh600519,贵州茅台,09:34:28,1428.05,1200,1428.05,U
sh600519,贵州茅台,09:34:31,1428.0,1300,1428.05,D
sh600519,贵州茅台,09:34:34,1428.05,1400,1428.0,U
sh600519,贵州茅台,09:34:37,1428.12,2000,1428.05,U
sh600519,贵州茅台,09:34:40,1427.96,4800,1428.12,D
sh600519,贵州茅台,09:34:43,1428.0,1471,1427.96,U
sh600519,贵州茅台,09:34:46,1428.0,1100,1428.0,U
sh600519,贵州茅台,09:34:49,1427.31,600,1428.0,D
sh600519,贵州茅台,09:34:52,1428.0,1300,1427.31,U
sh600519,贵州茅台,09:34:54,1428.0,300,1428.0,D
sh600519,贵州茅台,09:34:58,1428.0,600,1428.0,D
sh600519,贵州茅台,09:35:01,1428.0,1400,1428.0,D
sh600519,贵州茅台,09:35:04,1428.0,500,1428.0,U
sh600519,贵州茅台,09:35:07,1427.7,500,1428.0,E
sh600519,贵州茅台,09:35:10,1427.37,400,1427.7,E
sh600519,贵州茅台,09:35:13,1427.36,200,1427.37,D
sh600519,贵州茅台,09:35:16,1427.38,700,1427.36,E
sh600519,贵州茅台,09:35:19,1427.05,2300,1427.38,D
sh600519,贵州茅台,09:35:22,1427.0,1500,1427.05,D
sh600519,贵州茅台,09:35:25,1426.01,3700,1427.0,D
sh600519,贵州茅台,09:35:28,1426.95,900,1426.01,U
sh600519,贵州茅台,09:35:31,1426.01,2000,1426.95,D
sh600519,贵州茅台,09:35:34,1426.11,500,1426.01,E
sh600519,贵州茅台,09:35:40,1426.19,2300,1426.11,E
sh600519,贵州茅台,09:35:43,1427.11,2100,1426.19,U
sh600519,贵州茅台,09:35:46,1427.94,700,1427.11,U
sh600519,贵州茅台,09:35:49,1427.17,700,1427.94,E
sh600519,贵州茅台,09:35:52,1427.98,300,1427.17,U
sh600519,贵州茅台,09:35:58,1428.15,2200,1427.98,U
sh600519,贵州茅台,09:36:01,1428.3,500,1428.15,U
sh600519,贵州茅台,09:36:04,1429.0,800,1428.3,U
sh600519,贵州茅台,09:36:07,1429.0,300,1429.0,U
sh600519,贵州茅台,09:36:10,1428.39,3100,1429.0,E
sh600519,贵州茅台,09:36:16,1429.87,400,1429.01,E
sh600519,贵州茅台,09:36:19,1429.64,300,1429.87,E
sh600519,贵州茅台,09:36:22,1429.0,2700,1429.64,D
sh600519,贵州茅台,09:36:25,1428.38,1300,1429.0,D
sh600519,贵州茅台,09:36:28,1428.39,600,1428.38,E
sh600519,贵州茅台,09:36:31,1428.1,500,1428.39,D
sh600519,贵州茅台,09:36:34,1428.0,1200,1428.1,D
sh600519,贵州茅台,09:36:36,1427.98,800,1428.0,D
sh600519,贵州茅台,09:36:40,1428.02,1000,1427.98,U
sh600519,贵州茅台,09:36:43,1427.96,1000,1428.02,D
sh600519,贵州茅台,09:36:46,1428.0,500,1427.96,E
sh600519,贵州茅台,09:36:49,1428.02,2100,1428.0,U
sh600519,贵州茅台,09:36:52,1427.94,300,1428.02,D
sh600519,贵州茅台,09:36:55,1427.94,300,1427.94,U
sh600519,贵州茅台,09:36:58,1427.85,500,1427.94,D
sh600519,贵州茅台,09:37:01,1427.8,300,1427.85,D
sh600519,贵州茅台,09:37:04,1427.93,400,1427.8,D
sh600519,贵州茅台,09:37:07,1427.94,1000,1427.93,U
sh600519,贵州茅台,09:37:10,1427.5,1100,1427.94,D
sh600519,贵州茅台,09:37:13,1428.0,400,1427.5,U
sh600519,贵州茅台,09:37:16,1427.2,1000,1428.0,D
sh600519,贵州茅台,09:37:19,1427.44,800,1427.2,D
sh600519,贵州茅台,09:37:22,1427.14,900,1427.44,E
sh600519,贵州茅台,09:37:25,1426.82,3500,1427.14,D
sh600519,贵州茅台,09:37:27,1426.5,400,1426.82,D
sh600519,贵州茅台,09:37:31,1427.0,3700,1426.5,U
sh600519,贵州茅台,09:37:34,1426.3,300,1427.0,D
sh600519,贵州茅台,09:37:37,1426.3,300,1426.3,D
sh600519,贵州茅台,09:37:40,1426.3,500,1426.3,D
sh600519,贵州茅台,09:37:43,1426.3,700,1426.3,U
sh600519,贵州茅台,09:37:46,1426.18,700,1426.3,E
sh600519,贵州茅台,09:37:49,1426.16,400,1426.18,D
sh600519,贵州茅台,09:37:52,1426.18,700,1426.16,E
sh600519,贵州茅台,09:37:55,1426.11,600,1426.18,D
sh600519,贵州茅台,09:37:58,1426.1,600,1426.11,D
sh600519,贵州茅台,09:38:01,1426.1,400,1426.1,U
sh600519,贵州茅台,09:38:04,1426.1,3700,1426.1,U
sh600519,贵州茅台,09:38:07,1426.28,500,1426.1,E
sh600519,贵州茅台,09:38:10,1426.1,800,1426.28,D
sh600519,贵州茅台,09:38:13,1426.02,600,1426.1,D
sh600519,贵州茅台,09:38:16,1426.02,1200,1426.02,D
sh600519,贵州茅台,09:38:19,1426.28,900,1426.02,E
sh600519,贵州茅台,09:38:22,1426.1,400,1426.28,E
sh600519,贵州茅台,09:38:28,1426.1,300,1426.1,D
sh600519,贵州茅台,09:38:31,1426.1,2700,1426.1,D
sh600519,贵州茅台,09:38:34,1425.86,9900,1426.1,D
sh600519,贵州茅台,09:38:37,1425.94,900,1425.86,U
sh600519,贵州茅台,09:38:40,1425.92,300,1425.94,U
sh600519,贵州茅台,09:38:43,1425.92,800,1425.92,U
sh600519,贵州茅台,09:38:46,1426.01,2900,1425.92,U
sh600519,贵州茅台,09:38:49,1425.93,1200,1426.01,U
sh600519,贵州茅台,09:38:52,1425.25,400,1425.93,D
sh600519,贵州茅台,09:38:55,1426.02,600,1425.25,U
sh600519,贵州茅台,09:38:58,1425.1,1100,1426.02,D
sh600519,贵州茅台,09:39:01,1425.25,500,1425.1,U
sh600519,贵州茅台,09:39:04,1425.25,600,1425.25,U
sh600519,贵州茅台,09:39:07,1425.25,900,1425.25,U
sh600519,贵州茅台,09:39:10,1425.59,500,1425.25,E
sh600519,贵州茅台,09:39:13,1425.4,500,1425.59,E
sh600519,贵州茅台,09:39:16,1425.4,600,1425.4,D
sh600519,贵州茅台,09:39:19,1425.45,300,1425.4,E
sh600519,贵州茅台,09:39:22,1425.9,800,1425.45,E
sh600519,贵州茅台,09:39:25,1426.0,600,1425.9,E
sh600519,贵州茅台,09:39:28,1426.0,700,1426.0,E
sh600519,贵州茅台,09:39:31,1426.0,900,1426.0,U
sh600519,贵州茅台,09:39:34,1425.5,2300,1426.0,D
sh600519,贵州茅台,09:39:37,1425.5,1100,1425.5,D
sh600519,贵州茅台,09:39:39,1425.88,500,1425.5,E
sh600519,贵州茅台,09:39:43,1425.5,400,1425.88,E
sh600519,贵州茅台,09:39:46,1425.4,1400,1425.5,D
sh600519,贵州茅台,09:39:49,1425.25,1600,1425.4,D
sh600519,贵州茅台,09:39:52,1425.4,700,1425.25,U
sh600519,贵州茅台,09:39:55,1425.3,600,1425.4,D
sh600519,贵州茅台,09:40:01,1425.4,500,1425.4,D
sh600519,贵州茅台,09:40:04,1425.88,700,1425.4,E
sh600519,贵州茅台,09:40:07,1425.4,800,1425.88,D
sh600519,贵州茅台,09:40:10,1425.88,600,1425.4,U
sh600519,贵州茅台,09:40:13,1425.89,200,1425.88,U
sh600519,贵州茅台,09:40:16,1425.9,700,1425.89,U
sh600519,贵州茅台,09:40:19,1425.91,2300,1425.9,U
sh600519,贵州茅台,09:40:22,1425.9,500,1425.91,D
sh600519,贵州茅台,09:40:25,1425.85,1100,1425.9,D
sh600519,贵州茅台,09:40:28,1425.58,200,1425.85,D
sh600519,贵州茅台,09:40:31,1425.4,1900,1425.58,D
sh600519,贵州茅台,09:40:34,1425.25,4300,1425.4,D
sh600519,贵州茅台,09:40:37,1425.5,3300,1425.25,U
sh600519,贵州茅台,09:40:40,1425.15,600,1425.5,E
sh600519,贵州茅台,09:40:43,1425.19,2500,1425.15,U
sh600519,贵州茅台,09:40:46,1425.49,500,1425.19,U
sh600519,贵州茅台,09:40:48,1425.19,900,1425.49,U
sh600519,贵州茅台,09:40:52,1425.48,500,1425.19,U
sh600519,贵州茅台,09:40:55,1425.3,900,1425.48,D
sh600519,贵州茅台,09:41:01,1425.47,1000,1425.3,U
sh600519,贵州茅台,09:41:04,1425.47,400,1425.47,U
sh600519,贵州茅台,09:41:07,1425.3,400,1425.47,E
sh600519,贵州茅台,09:41:09,1425.3,400,1425.3,U
sh600519,贵州茅台,09:41:13,1425.3,600,1425.3,U
sh600519,贵州茅台,09:41:16,1425.58,2200,1425.3,U
sh600519,贵州茅台,09:41:28,1425.51,300,1425.58,D
sh600519,贵州茅台,09:41:31,1425.64,600,1425.51,U
sh600519,贵州茅台,09:41:34,1426.5,6000,1425.64,U
sh600519,贵州茅台,09:41:37,1426.5,700,1426.5,D
sh600519,贵州茅台,09:41:43,1426.5,400,1426.5,D
sh600519,贵州茅台,09:41:46,1427.45,200,1426.5,U
sh600519,贵州茅台,09:41:49,1426.28,700,1427.45,D
sh600519,贵州茅台,09:41:52,1425.91,1400,1426.28,D
sh600519,贵州茅台,09:41:54,1426.49,700,1425.91,U
sh600519,贵州茅台,09:41:58,1425.7,200,1426.49,E
sh600519,贵州茅台,09:42:01,1425.67,500,1425.7,E
sh600519,贵州茅台,09:42:04,1426.38,200,1425.67,E
sh600519,贵州茅台,09:42:07,1426.0,1000,1426.38,D
sh600519,贵州茅台,09:42:10,1425.8,1100,1426.0,D
sh600519,贵州茅台,09:42:13,1426.41,1200,1425.8,U
sh600519,贵州茅台,09:42:16,1426.38,500,1426.41,D
sh600519,贵州茅台,09:42:22,1426.5,900,1426.48,U
sh600519,贵州茅台,09:42:25,1427.45,200,1426.5,U
sh600519,贵州茅台,09:42:31,1426.41,800,1426.5,D
sh600519,贵州茅台,09:42:34,1426.36,500,1426.41,D
sh600519,贵州茅台,09:42:37,1426.41,600,1426.36,U
sh600519,贵州茅台,09:42:40,1426.0,200,1426.41,D
sh600519,贵州茅台,09:42:42,1426.41,400,1426.0,U
sh600519,贵州茅台,09:42:46,1426.42,600,1426.41,U
sh600519,贵州茅台,09:42:49,1426.42,200,1426.42,U
sh600519,贵州茅台,09:42:55,1426.4,900,1426.42,D
sh600519,贵州茅台,09:42:58,1426.42,800,1426.4,D
sh600519,贵州茅台,09:43:00,1426.42,1300,1426.42,D
sh600519,贵州茅台,09:43:04,1426.4,700,1426.42,D
sh600519,贵州茅台,09:43:07,1426.38,800,1426.4,D
sh600519,贵州茅台,09:43:10,1426.33,500,1426.38,D
sh600519,贵州茅台,09:43:13,1426.31,500,1426.33,U
sh600519,贵州茅台,09:43:16,1426.31,500,1426.31,E
sh600519,贵州茅台,09:43:19,1426.0,400,1426.31,D
sh600519,贵州茅台,09:43:22,1426.0,300,1426.0,D
sh600519,贵州茅台,09:43:25,1425.8,2400,1426.0,D
sh600519,贵州茅台,09:43:28,1425.7,300,1425.8,D
sh600519,贵州茅台,09:43:31,1425.65,900,1425.7,D
sh600519,贵州茅台,09:43:34,1425.65,400,1425.65,U
sh600519,贵州茅台,09:43:37,1425.58,1700,1425.65,D
sh600519,贵州茅台,09:43:40,1425.58,400,1425.58,D
sh600519,贵州茅台,09:43:43,1425.53,1000,1425.58,D
sh600519,贵州茅台,09:43:46,1425.53,800,1425.53,U
sh600519,贵州茅台,09:43:52,1425.53,900,1425.53,U
sh600519,贵州茅台,09:43:55,1425.5,1200,1425.53,D
sh600519,贵州茅台,09:43:58,1425.51,800,1425.5,U
sh600519,贵州茅台,09:44:01,1425.53,1600,1425.51,U
sh600519,贵州茅台,09:44:04,1425.56,5400,1425.53,U
sh600519,贵州茅台,09:44:13,1426.0,700,1425.56,D
sh600519,贵州茅台,09:44:16,1425.56,200,1426.0,D
sh600519,贵州茅台,09:44:19,1425.55,700,1425.56,D
sh600519,贵州茅台,09:44:22,1425.54,1600,1425.55,D
sh600519,贵州茅台,09:44:25,1425.56,200,1425.54,U
sh600519,贵州茅台,09:44:28,1425.56,300,1425.56,E
sh600519,贵州茅台,09:44:31,1425.59,500,1425.56,E
sh600519,贵州茅台,09:44:34,1425.65,700,1425.59,E
sh600519,贵州茅台,09:44:40,1425.65,300,1425.65,D
sh600519,贵州茅台,09:44:43,1426.43,600,1425.65,U
sh600519,贵州茅台,09:44:46,1425.65,200,1426.43,D
sh600519,贵州茅台,09:44:49,1425.65,400,1425.65,D
sh600519,贵州茅台,09:44:52,1426.43,500,1425.65,U
sh600519,贵州茅台,09:44:55,1426.43,300,1426.43,U
sh600519,贵州茅台,09:44:58,1426.43,500,1426.43,U
sh600519,贵州茅台,09:45:01,1426.49,600,1426.43,U
sh600519,贵州茅台,09:45:03,1426.43,700,1426.49,D
sh600519,贵州茅台,09:45:07,1426.43,700,1426.43,D
sh600519,贵州茅台,09:45:10,1426.43,5600,1426.43,D
sh600519,贵州茅台,09:45:13,1426.0,3600,1426.43,D
sh600519,贵州茅台,09:45:16,1425.65,1400,1426.0,D
sh600519,贵州茅台,09:45:19,1425.6,1500,1425.65,D
sh600519,贵州茅台,09:45:22,1425.34,7700,1425.6,D
sh600519,贵州茅台,09:45:25,1425.25,900,1425.34,D
sh600519,贵州茅台,09:45:28,1425.2,2000,1425.25,D
sh600519,贵州茅台,09:45:31,1425.22,2800,1425.2,E
sh600519,贵州茅台,09:45:34,1425.16,700,1425.22,D
sh600519,贵州茅台,09:45:37,1425.37,1700,1425.16,U
sh600519,贵州茅台,09:45:40,1425.25,1000,1425.37,D
sh600519,贵州茅台,09:45:46,1425.57,300,1425.25,U
sh600519,贵州茅台,09:45:49,1425.25,2200,1425.57,D
sh600519,贵州茅台,09:45:52,1425.25,200,1425.25,D
sh600519,贵州茅台,09:45:55,1425.52,200,1425.25,U
sh600519,贵州茅台,09:45:58,1425.52,400,1425.52,U
sh600519,贵州茅台,09:46:01,1425.57,500,1425.52,E
sh600519,贵州茅台,09:46:04,1425.52,1200,1425.57,D
sh600519,贵州茅台,09:46:07,1425.3,800,1425.52,D
sh600519,贵州茅台,09:46:10,1425.52,400,1425.3,E
sh600519,贵州茅台,09:46:13,1425.31,500,1425.52,D
sh600519,贵州茅台,09:46:16,1425.55,600,1425.31,U
sh600519,贵州茅台,09:46:19,1425.31,500,1425.55,D
sh600519,贵州茅台,09:46:22,1425.51,500,1425.31,E
sh600519,贵州茅台,09:46:24,1425.31,700,1425.51,D
sh600519,贵州茅台,09:46:28,1425.96,600,1425.31,U
sh600519,贵州茅台,09:46:31,1425.5,200,1425.96,E
sh600519,贵州茅台,09:46:34,1425.31,300,1425.5,D
sh600519,贵州茅台,09:46:37,1425.38,500,1425.31,E
sh600519,贵州茅台,09:46:40,1425.39,800,1425.38,U
sh600519,贵州茅台,09:46:43,1425.37,700,1425.39,E
sh600519,贵州茅台,09:46:46,1425.3,900,1425.37,D
sh600519,贵州茅台,09:46:49,1425.37,500,1425.3,U
sh600519,贵州茅台,09:46:51,1425.3,500,1425.37,D
sh600519,贵州茅台,09:46:55,1425.3,600,1425.3,U
sh600519,贵州茅台,09:46:58,1425.3,700,1425.3,U
sh600519,贵州茅台,09:47:01,1425.3,500,1425.3,U
sh600519,贵州茅台,09:47:04,1425.25,300,1425.3,D
sh600519,贵州茅台,09:47:07,1425.25,1700,1425.25,D
sh600519,贵州茅台,09:47:10,1425.3,1100,1425.25,U
sh600519,贵州茅台,09:47:13,1425.37,2800,1425.3,U
sh600519,贵州茅台,09:47:16,1425.25,1800,1425.37,D
sh600519,贵州茅台,09:47:19,1425.25,2000,1425.25,D
sh600519,贵州茅台,09:47:22,1425.23,1100,1425.25,D
sh600519,贵州茅台,09:47:25,1425.11,1600,1425.23,D
sh600519,贵州茅台,09:47:28,1425.1,1700,1425.11,D
sh600519,贵州茅台,09:47:31,1425.16,1400,1425.1,U
sh600519,贵州茅台,09:47:33,1425.08,800,1425.16,U
sh600519,贵州茅台,09:47:37,1425.02,500,1425.08,D
sh600519,贵州茅台,09:47:40,1425.08,600,1425.02,U
sh600519,贵州茅台,09:47:43,1425.09,200,1425.08,D
sh600519,贵州茅台,09:47:46,1425.09,600,1425.09,U
sh600519,贵州茅台,09:47:49,1425.02,1200,1425.09,E
sh600519,贵州茅台,09:47:52,1425.01,1000,1425.02,D
sh600519,贵州茅台,09:47:55,1425.09,500,1425.01,U
sh600519,贵州茅台,09:47:58,1425.01,200,1425.09,D
sh600519,贵州茅台,09:48:04,1425.08,1100,1425.02,U
sh600519,贵州茅台,09:48:07,1425.01,600,1425.08,D
sh600519,贵州茅台,09:48:10,1425.03,300,1425.01,U
sh600519,贵州茅台,09:48:16,1425.03,400,1425.03,E
sh600519,贵州茅台,09:48:18,1425.03,300,1425.03,D
sh600519,贵州茅台,09:48:22,1425.03,500,1425.03,D
sh600519,贵州茅台,09:48:25,1425.03,1100,1425.03,D
sh600519,贵州茅台,09:48:28,1425.03,2100,1425.03,D
sh600519,贵州茅台,09:48:31,1425.01,3500,1425.03,D
sh600519,贵州茅台,09:48:33,1425.06,900,1425.01,E
sh600519,贵州茅台,09:48:37,1425.02,800,1425.06,D
sh600519,贵州茅台,09:48:40,1425.01,300,1425.02,D
sh600519,贵州茅台,09:48:43,1425.01,300,1425.01,D
sh600519,贵州茅台,09:48:46,1427.49,4200,1425.01,U
sh600519,贵州茅台,09:48:49,1425.01,2000,1427.49,D
sh600519,贵州茅台,09:48:52,1425.06,1000,1425.01,E
sh600519,贵州茅台,09:48:55,1426.4,400,1425.06,E
sh600519,贵州茅台,09:48:58,1426.4,600,1426.4,U
sh600519,贵州茅台,09:49:01,1425.04,2500,1426.4,E
sh600519,贵州茅台,09:49:04,1425.56,3100,1425.04,E
sh600519,贵州茅台,09:49:07,1425.14,700,1425.56,E
sh600519,贵州茅台,09:49:10,1426.4,200,1425.14,U
sh600519,贵州茅台,09:49:22,1426.08,600,1426.11,U
sh600519,贵州茅台,09:49:28,1425.24,300,1425.29,D
sh600519,贵州茅台,09:49:31,1425.27,400,1425.24,U
sh600519,贵州茅台,09:49:34,1425.27,400,1425.27,E
sh600519,贵州茅台,09:49:37,1425.19,400,1425.27,D
sh600519,贵州茅台,09:49:40,1425.07,500,1425.19,D
sh600519,贵州茅台,09:49:42,1425.07,800,1425.07,U
sh600519,贵州茅台,09:49:46,1425.03,600,1425.07,D
sh600519,贵州茅台,09:49:49,1425.02,500,1425.03,D
sh600519,贵州茅台,09:49:52,1425.01,1000,1425.02,D
sh600519,贵州茅台,09:49:58,1425.01,1400,1425.01,D
sh600519,贵州茅台,09:50:01,1425.0,2000,1425.01,D
sh600519,贵州茅台,09:50:04,1425.0,3500,1425.0,D
sh600519,贵州茅台,09:50:06,1425.07,3000,1425.0,U
sh600519,贵州茅台,09:50:10,1425.01,900,1425.07,D
sh600519,贵州茅台,09:50:13,1425.06,200,1425.01,U
sh600519,贵州茅台,09:50:16,1425.0,800,1425.06,D
sh600519,贵州茅台,09:50:19,1425.01,800,1425.0,U
sh600519,贵州茅台,09:50:22,1425.0,600,1425.01,D
sh600519,贵州茅台,09:50:25,1424.8,16900,1425.0,D
sh600519,贵州茅台,09:50:28,1424.53,600,1424.8,D
sh600519,贵州茅台,09:50:30,1424.41,500,1424.53,D
sh600519,贵州茅台,09:50:34,1424.36,700,1424.41,D
sh600519,贵州茅台,09:50:37,1424.25,300,1424.36,D
sh600519,贵州茅台,09:50:40,1424.1,400,1424.25,D
sh600519,贵州茅台,09:50:43,1424.36,4700,1424.1,U
sh600519,贵州茅台,09:50:46,1424.31,900,1424.36,D
sh600519,贵州茅台,09:50:49,1424.1,500,1424.31,D
sh600519,贵州茅台,09:50:52,1424.25,400,1424.1,U
sh600519,贵州茅台,09:50:55,1424.1,400,1424.25,D
sh600519,贵州茅台,09:50:58,1424.15,900,1424.1,U
sh600519,贵州茅台,09:51:01,1424.05,1800,1424.15,D
sh600519,贵州茅台,09:51:04,1423.45,4100,1424.05,D
sh600519,贵州茅台,09:51:06,1423.3,1300,1423.45,D
sh600519,贵州茅台,09:51:10,1423.33,1400,1423.3,U
sh600519,贵州茅台,09:51:13,1423.02,300,1423.33,D
sh600519,贵州茅台,09:51:16,1423.0,1000,1423.02,D
sh600519,贵州茅台,09:51:19,1423.0,2500,1423.0,D
sh600519,贵州茅台,09:51:22,1422.95,1700,1423.0,D
sh600519,贵州茅台,09:51:25,1422.77,1300,1422.95,D
sh600519,贵州茅台,09:51:28,1422.71,300,1422.77,E
sh600519,贵州茅台,09:51:30,1422.41,900,1422.71,D
sh600519,贵州茅台,09:51:34,1422.53,700,1422.41,U
sh600519,贵州茅台,09:51:37,1422.31,1500,1422.53,D
sh600519,贵州茅台,09:51:40,1422.53,1000,1422.31,U
sh600519,贵州茅台,09:51:43,1422.31,600,1422.53,E
sh600519,贵州茅台,09:51:46,1422.23,1700,1422.31,D
sh600519,贵州茅台,09:51:49,1422.2,1200,1422.23,D
sh600519,贵州茅台,09:51:52,1422.23,900,1422.2,U
sh600519,贵州茅台,09:51:55,1422.2,700,1422.23,E
sh600519,贵州茅台,09:51:58,1422.11,400,1422.2,D
sh600519,贵州茅台,09:52:04,1422.41,1600,1422.11,U
sh600519,贵州茅台,09:52:07,1422.7,1400,1422.41,U
sh600519,贵州茅台,09:52:10,1422.77,800,1422.7,U
sh600519,贵州茅台,09:52:13,1422.28,1400,1422.77,E
sh600519,贵州茅台,09:52:16,1422.27,3100,1422.28,D
sh600519,贵州茅台,09:52:22,1422.35,400,1422.27,U
sh600519,贵州茅台,09:52:25,1422.35,1700,1422.35,U
sh600519,贵州茅台,09:52:28,1422.34,300,1422.35,E
sh600519,贵州茅台,09:52:31,1422.35,200,1422.34,U
sh600519,贵州茅台,09:52:34,1422.4,800,1422.35,U
sh600519,贵州茅台,09:52:37,1422.66,400,1422.4,U
sh600519,贵州茅台,09:52:40,1422.4,200,1422.66,D
sh600519,贵州茅台,09:52:43,1422.66,500,1422.4,E
sh600519,贵州茅台,09:52:46,1422.5,200,1422.66,E
sh600519,贵州茅台,09:52:48,1422.94,400,1422.5,U
sh600519,贵州茅台,09:52:55,1422.66,400,1422.94,D
sh600519,贵州茅台,09:52:58,1422.59,200,1422.66,D
sh600519,贵州茅台,09:53:01,1423.0,500,1422.59,U
sh600519,贵州茅台,09:53:04,1422.66,1000,1423.0,D
sh600519,贵州茅台,09:53:10,1422.41,1600,1422.66,D
sh600519,贵州茅台,09:53:13,1422.35,2200,1422.41,D
sh600519,贵州茅台,09:53:16,1422.5,400,1422.35,U
sh600519,贵州茅台,09:53:18,1422.51,300,1422.5,U
sh600519,贵州茅台,09:53:25,1422.48,600,1422.41,E
sh600519,贵州茅台,09:53:28,1422.4,1200,1422.48,D
sh600519,贵州茅台,09:53:31,1422.4,300,1422.4,U
sh600519,贵州茅台,09:53:34,1422.51,200,1422.4,U
sh600519,贵州茅台,09:53:37,1422.51,200,1422.51,U
sh600519,贵州茅台,09:53:40,1422.5,300,1422.51,D
sh600519,贵州茅台,09:53:43,1422.5,1000,1422.5,U
sh600519,贵州茅台,09:53:46,1422.41,200,1422.5,E
sh600519,贵州茅台,09:53:49,1422.41,500,1422.41,U
sh600519,贵州茅台,09:53:52,1422.41,600,1422.41,E
sh600519,贵州茅台,09:53:54,1422.36,800,1422.41,D
sh600519,贵州茅台,09:53:57,1422.44,200,1422.36,D
sh600519,贵州茅台,09:54:00,1422.41,400,1422.44,D
sh600519,贵州茅台,09:54:04,1422.41,200,1422.41,D
sh600519,贵州茅台,09:54:07,1422.3,1100,1422.41,D
sh600519,贵州茅台,09:54:10,1422.32,400,1422.3,U
sh600519,贵州茅台,09:54:13,1422.28,800,1422.32,D
sh600519,贵州茅台,09:54:16,1422.27,400,1422.28,D
sh600519,贵州茅台,09:54:19,1422.2,1100,1422.27,D
sh600519,贵州茅台,09:54:22,1422.2,9500,1422.2,D
sh600519,贵州茅台,09:54:25,1422.07,4100,1422.2,D
sh600519,贵州茅台,09:54:28,1422.02,1800,1422.07,D
sh600519,贵州茅台,09:54:31,1422.02,1100,1422.02,E
sh600519,贵州茅台,09:54:34,1422.19,600,1422.02,E
sh600519,贵州茅台,09:54:37,1422.15,400,1422.19,D
sh600519,贵州茅台,09:54:43,1422.04,300,1422.04,D
sh600519,贵州茅台,09:54:46,1422.19,300,1422.04,U
sh600519,贵州茅台,09:54:49,1422.15,300,1422.19,U
sh600519,贵州茅台,09:54:52,1422.15,400,1422.15,U
sh600519,贵州茅台,09:54:55,1422.02,300,1422.15,D
sh600519,贵州茅台,09:54:58,1422.09,300,1422.02,D
sh600519,贵州茅台,09:55:01,1422.02,300,1422.09,D
sh600519,贵州茅台,09:55:04,1422.11,400,1422.02,U
sh600519,贵州茅台,09:55:07,1422.0,1300,1422.11,D
sh600519,贵州茅台,09:55:10,1422.02,4600,1422.0,U
sh600519,贵州茅台,09:55:13,1422.0,1600,1422.02,D
sh600519,贵州茅台,09:55:16,1422.0,1600,1422.0,D
sh600519,贵州茅台,09:55:19,1421.96,200,1422.0,D
sh600519,贵州茅台,09:55:21,1422.0,300,1421.96,U
sh600519,贵州茅台,09:55:25,1421.85,5800,1422.0,U
sh600519,贵州茅台,09:55:28,1421.43,3300,1421.85,D
sh600519,贵州茅台,09:55:31,1421.38,7200,1421.43,D
sh600519,贵州茅台,09:55:34,1421.1,2000,1421.38,D
sh600519,贵州茅台,09:55:37,1421.1,500,1421.1,D
sh600519,贵州茅台,09:55:40,1421.01,1000,1421.1,D
sh600519,贵州茅台,09:55:43,1421.01,1000,1421.01,D
sh600519,贵州茅台,09:55:45,1421.01,1300,1421.01,E
sh600519,贵州茅台,09:55:49,1421.01,600,1421.01,U
sh600519,贵州茅台,09:55:52,1421.0,2700,1421.01,D
sh600519,贵州茅台,09:55:55,1421.01,2000,1421.0,U
sh600519,贵州茅台,09:55:58,1421.0,1400,1421.01,D
sh600519,贵州茅台,09:56:01,1420.9,800,1421.0,D
sh600519,贵州茅台,09:56:03,1420.85,800,1420.9,D
sh600519,贵州茅台,09:56:07,1420.85,900,1420.85,E
sh600519,贵州茅台,09:56:10,1420.31,1000,1420.85,D
sh600519,贵州茅台,09:56:13,1420.5,500,1420.31,E
sh600519,贵州茅台,09:56:16,1420.5,400,1420.5,U
sh600519,贵州茅台,09:56:19,1420.19,1400,1420.5,E
sh600519,贵州茅台,09:56:22,1420.18,1200,1420.19,D
sh600519,贵州茅台,09:56:25,1420.17,600,1420.18,D
sh600519,贵州茅台,09:56:28,1420.19,1400,1420.17,U
sh600519,贵州茅台,09:56:31,1420.15,700,1420.19,E
sh600519,贵州茅台,09:56:34,1420.17,900,1420.15,D
sh600519,贵州茅台,09:56:37,1420.17,1100,1420.17,D
sh600519,贵州茅台,09:56:40,1420.17,700,1420.17,U
sh600519,贵州茅台,09:56:42,1420.1,1000,1420.17,D
sh600519,贵州茅台,09:56:46,1420.15,1200,1420.1,U
sh600519,贵州茅台,09:56:49,1420.16,500,1420.15,U
sh600519,贵州茅台,09:56:52,1420.17,500,1420.16,U
sh600519,贵州茅台,09:56:55,1420.17,400,1420.17,U
sh600519,贵州茅台,09:56:58,1420.17,700,1420.17,U
sh600519,贵州茅台,09:57:01,1420.17,1300,1420.17,U
sh600519,贵州茅台,09:57:04,1420.2,900,1420.17,U
sh600519,贵州茅台,09:57:07,1420.1,1500,1420.2,D
sh600519,贵州茅台,09:57:10,1420.15,980,1420.1,E
sh600519,贵州茅台,09:57:13,1420.1,600,1420.15,D
sh600519,贵州茅台,09:57:16,1420.17,500,1420.1,U
sh600519,贵州茅台,09:57:19,1420.17,400,1420.17,D
sh600519,贵州茅台,09:57:21,1420.17,200,1420.17,D
sh600519,贵州茅台,09:57:25,1420.17,700,1420.17,D
sh600519,贵州茅台,09:57:28,1420.17,1500,1420.17,D
sh600519,贵州茅台,09:57:31,1420.11,1300,1420.17,D
sh600519,贵州茅台,09:57:34,1420.1,500,1420.11,D
sh600519,贵州茅台,09:57:37,1420.17,800,1420.1,U
sh600519,贵州茅台,09:57:40,1420.16,700,1420.17,U
sh600519,贵州茅台,09:57:43,1420.05,2700,1420.16,D
sh600519,贵州茅台,09:57:46,1420.03,500,1420.05,D
sh600519,贵州茅台,09:57:49,1420.17,400,1420.03,U
sh600519,贵州茅台,09:57:52,1420.02,2100,1420.17,D
sh600519,贵州茅台,09:57:55,1420.01,1300,1420.02,D
sh600519,贵州茅台,09:57:58,1420.02,500,1420.01,U
sh600519,贵州茅台,09:58:01,1420.28,3500,1420.02,U
sh600519,贵州茅台,09:58:04,1420.0,1400,1420.28,D
sh600519,贵州茅台,09:58:07,1420.0,600,1420.0,D
sh600519,贵州茅台,09:58:09,1420.17,300,1420.0,D
sh600519,贵州茅台,09:58:13,1420.33,600,1420.17,U
sh600519,贵州茅台,09:58:16,1420.12,500,1420.33,D
sh600519,贵州茅台,09:58:25,1420.17,600,1420.27,U
sh600519,贵州茅台,09:58:28,1420.11,300,1420.17,D
sh600519,贵州茅台,09:58:30,1420.16,300,1420.11,E
sh600519,贵州茅台,09:58:34,1420.16,1100,1420.16,U
sh600519,贵州茅台,09:58:37,1420.1,300,1420.16,D
sh600519,贵州茅台,09:58:40,1420.17,200,1420.1,D
sh600519,贵州茅台,09:58:43,1420.1,700,1420.17,D
sh600519,贵州茅台,09:58:46,1420.2,1000,1420.1,U
sh600519,贵州茅台,09:58:49,1420.1,1800,1420.2,D
sh600519,贵州茅台,09:58:52,1420.09,1400,1420.1,E
sh600519,贵州茅台,09:58:55,1420.09,1100,1420.09,U
sh600519,贵州茅台,09:58:58,1420.09,800,1420.09,U
sh600519,贵州茅台,09:59:01,1420.01,1700,1420.09,D
sh600519,贵州茅台,09:59:04,1420.01,400,1420.01,U
sh600519,贵州茅台,09:59:10,1420.0,1100,1420.01,D
sh600519,贵州茅台,09:59:13,1420.0,1200,1420.0,D
sh600519,贵州茅台,09:59:16,1420.0,600,1420.0,D
sh600519,贵州茅台,09:59:19,1420.13,1000,1420.0,U
sh600519,贵州茅台,09:59:21,1420.08,300,1420.13,E
sh600519,贵州茅台,09:59:25,1420.17,800,1420.08,U
sh600519,贵州茅台,09:59:28,1420.0,800,1420.17,D
sh600519,贵州茅台,09:59:31,1420.01,400,1420.0,E
sh600519,贵州茅台,09:59:34,1420.36,500,1420.01,U
sh600519,贵州茅台,09:59:37,1420.17,500,1420.36,D
sh600519,贵州茅台,09:59:40,1420.39,500,1420.17,U
sh600519,贵州茅台,09:59:43,1420.43,700,1420.39,U
sh600519,贵州茅台,09:59:46,1420.17,400,1420.43,D
sh600519,贵州茅台,09:59:49,1420.43,300,1420.17,U
sh600519,贵州茅台,09:59:52,1420.44,400,1420.43,U
sh600519,贵州茅台,09:59:58,1421.0,1000,1420.43,U
sh600519,贵州茅台,10:00:00,1420.39,1200,1421.0,D
sh600519,贵州茅台,10:00:04,1420.82,600,1420.39,E
sh600519,贵州茅台,10:00:07,1420.23,500,1420.82,D
sh600519,贵州茅台,10:00:10,1420.24,800,1420.23,U
sh600519,贵州茅台,10:00:13,1420.2,200,1420.24,D
sh600519,贵州茅台,10:00:16,1420.29,300,1420.2,U
sh600519,贵州茅台,10:00:19,1420.29,400,1420.29,U
sh600519,贵州茅台,10:00:22,1420.24,700,1420.29,D
sh600519,贵州茅台,10:00:25,1420.78,400,1420.24,E
sh600519,贵州茅台,10:00:27,1420.69,500,1420.78,E
sh600519,贵州茅台,10:00:31,1420.78,500,1420.69,U
sh600519,贵州茅台,10:00:34,1420.25,500,1420.78,D
sh600519,贵州茅台,10:00:37,1420.39,200,1420.25,U
sh600519,贵州茅台,10:00:49,1420.69,800,1420.39,D
sh600519,贵州茅台,10:00:52,1420.69,600,1420.69,U
sh600519,贵州茅台,10:00:55,1420.26,600,1420.69,D
sh600519,贵州茅台,10:01:04,1420.78,300,1420.25,U
sh600519,贵州茅台,10:01:07,1420.3,400,1420.78,D
sh600519,贵州茅台,10:01:10,1420.5,200,1420.3,E
sh600519,贵州茅台,10:01:16,1420.73,500,1420.39,U
sh600519,贵州茅台,10:01:18,1420.72,900,1420.73,U
sh600519,贵州茅台,10:01:22,1420.72,500,1420.72,U
sh600519,贵州茅台,10:01:28,1420.72,300,1420.72,U
sh600519,贵州茅台,10:01:31,1420.21,3800,1420.72,D
sh600519,贵州茅台,10:01:34,1420.1,3900,1420.21,D
sh600519,贵州茅台,10:01:37,1420.0,6200,1420.1,D
sh600519,贵州茅台,10:01:40,1419.85,13800,1420.0,D
sh600519,贵州茅台,10:01:43,1419.2,1000,1419.85,D
sh600519,贵州茅台,10:01:46,1419.0,2000,1419.2,D
sh600519,贵州茅台,10:01:49,1418.99,1600,1419.0,D
sh600519,贵州茅台,10:01:52,1418.8,800,1418.99,D
sh600519,贵州茅台,10:01:55,1418.74,300,1418.8,D
sh600519,贵州茅台,10:01:58,1418.6,400,1418.74,D
sh600519,贵州茅台,10:02:01,1418.6,200,1418.6,U
sh600519,贵州茅台,10:02:04,1418.38,400,1418.6,D
sh600519,贵州茅台,10:02:06,1418.23,1100,1418.38,D
sh600519,贵州茅台,10:02:10,1418.2,600,1418.23,D
sh600519,贵州茅台,10:02:13,1418.38,300,1418.2,E
sh600519,贵州茅台,10:02:16,1418.38,1700,1418.38,U
sh600519,贵州茅台,10:02:19,1418.4,2300,1418.38,D
sh600519,贵州茅台,10:02:22,1418.1,600,1418.4,D
sh600519,贵州茅台,10:02:25,1418.19,400,1418.1,E
sh600519,贵州茅台,10:02:28,1418.1,500,1418.19,D
sh600519,贵州茅台,10:02:31,1418.15,600,1418.1,E
sh600519,贵州茅台,10:02:34,1418.1,1100,1418.15,D
sh600519,贵州茅台,10:02:37,1418.05,2000,1418.1,D
sh600519,贵州茅台,10:02:40,1418.07,800,1418.05,U
sh600519,贵州茅台,10:02:43,1418.08,200,1418.07,E
sh600519,贵州茅台,10:02:46,1418.02,200,1418.08,D
sh600519,贵州茅台,10:02:49,1418.02,500,1418.02,D
sh600519,贵州茅台,10:02:52,1418.05,800,1418.02,D
sh600519,贵州茅台,10:02:55,1418.02,500,1418.05,E
sh600519,贵州茅台,10:02:57,1418.01,500,1418.02,D
sh600519,贵州茅台,10:03:01,1418.01,900,1418.01,D
sh600519,贵州茅台,10:03:04,1418.19,1400,1418.01,U
sh600519,贵州茅台,10:03:07,1418.49,1500,1418.19,U
sh600519,贵州茅台,10:03:10,1418.26,900,1418.49,D
sh600519,贵州茅台,10:03:13,1419.01,200,1418.26,E
sh600519,贵州茅台,10:03:25,1419.9,200,1419.9,D
sh600519,贵州茅台,10:03:31,1419.93,600,1419.97,D
sh600519,贵州茅台,10:03:34,1419.9,300,1419.93,D
sh600519,贵州茅台,10:03:37,1420.0,700,1419.9,U
sh600519,贵州茅台,10:03:40,1419.8,600,1420.0,D
sh600519,贵州茅台,10:03:43,1419.46,900,1419.8,D
sh600519,贵州茅台,10:03:46,1419.37,1000,1419.46,E
sh600519,贵州茅台,10:03:52,1419.0,400,1419.37,D
sh600519,贵州茅台,10:03:55,1419.02,700,1419.0,E
sh600519,贵州茅台,10:03:57,1419.02,200,1419.02,D
sh600519,贵州茅台,10:04:04,1419.1,800,1419.37,D
sh600519,贵州茅台,10:04:07,1419.04,300,1419.1,D
sh600519,贵州茅台,10:04:10,1419.37,300,1419.04,U
sh600519,贵州茅台,10:04:16,1419.37,300,1419.37,U
sh600519,贵州茅台,10:04:19,1419.83,300,1419.37,U
sh600519,贵州茅台,10:04:25,1419.93,500,1419.83,U
sh600519,贵州茅台,10:04:28,1419.97,600,1419.93,U
sh600519,贵州茅台,10:04:31,1419.93,200,1419.97,D
sh600519,贵州茅台,10:04:34,1420.65,1600,1419.93,U
sh600519,贵州茅台,10:04:37,1420.64,300,1420.65,D
sh600519,贵州茅台,10:04:43,1420.53,900,1420.64,D
sh600519,贵州茅台,10:04:46,1420.39,300,1420.53,D
sh600519,贵州茅台,10:04:55,1420.64,200,1420.63,U
sh600519,贵州茅台,10:04:57,1420.64,200,1420.64,U
sh600519,贵州茅台,10:05:01,1420.64,600,1420.64,U
sh600519,贵州茅台,10:05:04,1420.64,1400,1420.64,D
sh600519,贵州茅台,10:05:07,1420.79,900,1420.64,D
sh600519,贵州茅台,10:05:10,1420.74,500,1420.79,D
sh600519,贵州茅台,10:05:13,1421.0,300,1420.74,U
sh600519,贵州茅台,10:05:18,1421.0,700,1420.9,U
sh600519,贵州茅台,10:05:21,1420.65,455,1421.0,D
sh600519,贵州茅台,10:05:25,1420.89,300,1420.65,E
sh600519,贵州茅台,10:05:28,1420.9,1200,1420.89,U
sh600519,贵州茅台,10:05:31,1420.64,300,1420.9,D
sh600519,贵州茅台,10:05:33,1420.89,600,1420.64,U
sh600519,贵州茅台,10:05:37,1420.94,400,1420.89,U
sh600519,贵州茅台,10:05:40,1420.88,900,1420.94,D
sh600519,贵州茅台,10:05:43,1420.87,400,1420.88,E
sh600519,贵州茅台,10:05:49,1420.88,1000,1420.87,U
sh600519,贵州茅台,10:05:55,1420.94,1000,1420.88,U
sh600519,贵州茅台,10:05:58,1420.88,700,1420.94,D
sh600519,贵州茅台,10:06:04,1421.32,2500,1420.94,U
sh600519,贵州茅台,10:06:07,1421.08,700,1421.32,D
sh600519,贵州茅台,10:06:16,1421.42,500,1421.15,U
sh600519,贵州茅台,10:06:19,1421.43,200,1421.42,D
sh600519,贵州茅台,10:06:22,1421.49,300,1421.43,E
sh600519,贵州茅台,10:06:28,1421.66,200,1421.45,U
sh600519,贵州茅台,10:06:31,1421.42,900,1421.66,D
sh600519,贵州茅台,10:06:34,1421.37,1400,1421.42,D
sh600519,贵州茅台,10:06:40,1421.15,300,1421.37,D
sh600519,贵州茅台,10:06:42,1421.06,500,1421.15,D
sh600519,贵州茅台,10:06:46,1421.35,200,1421.06,E
sh600519,贵州茅台,10:06:49,1421.35,700,1421.35,U
sh600519,贵州茅台,10:06:58,1420.94,300,1421.34,D
sh600519,贵州茅台,10:07:01,1421.35,500,1420.94,U
sh600519,贵州茅台,10:07:04,1421.0,1100,1421.35,D
sh600519,贵州茅台,10:07:07,1420.9,1300,1421.0,D
sh600519,贵州茅台,10:07:10,1421.01,200,1420.9,E
sh600519,贵州茅台,10:07:13,1421.0,600,1421.01,E
sh600519,贵州茅台,10:07:19,1421.35,300,1421.35,U
sh600519,贵州茅台,10:07:22,1421.01,300,1421.35,E
sh600519,贵州茅台,10:07:25,1421.1,800,1421.01,E
sh600519,贵州茅台,10:07:28,1420.79,2000,1421.1,D
sh600519,贵州茅台,10:07:31,1420.77,1245,1420.79,E
sh600519,贵州茅台,10:07:33,1420.78,400,1420.77,U
sh600519,贵州茅台,10:07:40,1420.64,200,1420.4,U
sh600519,贵州茅台,10:07:43,1420.77,196,1420.64,D
sh600519,贵州茅台,10:07:51,1420.85,200,1420.77,U
sh600519,贵州茅台,10:08:01,1420.77,200,1420.85,D
sh600519,贵州茅台,10:08:04,1420.85,300,1420.77,D
sh600519,贵州茅台,10:08:07,1420.85,200,1420.85,D
sh600519,贵州茅台,10:08:13,1420.85,300,1420.86,D
sh600519,贵州茅台,10:08:16,1420.85,400,1420.85,E
sh600519,贵州茅台,10:08:22,1420.85,200,1420.79,U
sh600519,贵州茅台,10:08:25,1420.79,200,1420.85,D
sh600519,贵州茅台,10:08:31,1420.85,300,1420.79,E
sh600519,贵州茅台,10:08:34,1420.86,200,1420.85,U
sh600519,贵州茅台,10:08:40,1420.86,300,1420.86,U
sh600519,贵州茅台,10:08:43,1420.86,200,1420.86,U
sh600519,贵州茅台,10:08:46,1420.86,500,1420.86,U
sh600519,贵州茅台,10:08:49,1420.86,500,1420.86,U
sh600519,贵州茅台,10:08:58,1420.86,200,1420.86,D
sh600519,贵州茅台,10:09:04,1420.5,904,1420.79,D
sh600519,贵州茅台,10:09:07,1420.76,700,1420.5,U
sh600519,贵州茅台,10:09:10,1420.0,400,1420.76,D
sh600519,贵州茅台,10:09:13,1420.0,400,1420.0,D
sh600519,贵州茅台,10:09:19,1420.0,200,1420.76,D
sh600519,贵州茅台,10:09:22,1420.0,200,1420.0,D
sh600519,贵州茅台,10:09:25,1420.45,300,1420.0,U
sh600519,贵州茅台,10:09:31,1420.47,200,1420.47,D
sh600519,贵州茅台,10:09:33,1420.5,500,1420.47,U
sh600519,贵州茅台,10:09:37,1420.49,200,1420.5,E
sh600519,贵州茅台,10:09:40,1420.47,1100,1420.49,D
sh600519,贵州茅台,10:09:46,1420.47,200,1420.47,D
sh600519,贵州茅台,10:09:58,1420.4,300,1420.45,D
sh600519,贵州茅台,10:10:01,1420.45,300,1420.4,U
sh600519,贵州茅台,10:10:07,1420.45,500,1420.45,U
sh600519,贵州茅台,10:10:12,1420.4,500,1420.45,E
sh600519,贵州茅台,10:10:16,1420.21,1350,1420.4,D
sh600519,贵州茅台,10:10:19,1420.0,200,1420.21,D
sh600519,贵州茅台,10:10:31,1420.0,1700,1420.0,D
sh600519,贵州茅台,10:10:37,1420.0,2300,1420.0,D
sh600519,贵州茅台,10:10:43,1420.21,5900,1420.0,U
sh600519,贵州茅台,10:10:49,1420.21,200,1420.21,D
sh600519,贵州茅台,10:10:52,1420.21,400,1420.21,D
sh600519,贵州茅台,10:10:55,1420.21,300,1420.21,D
sh600519,贵州茅台,10:10:58,1420.45,1000,1420.21,U
sh600519,贵州茅台,10:11:01,1420.21,2900,1420.45,D
sh600519,贵州茅台,10:11:04,1420.0,1500,1420.21,D
sh600519,贵州茅台,10:11:07,1420.0,5900,1420.0,D
sh600519,贵州茅台,10:11:10,1420.0,1000,1420.0,D
sh600519,贵州茅台,10:11:13,1420.0,200,1420.0,D
sh600519,贵州茅台,10:11:16,1420.0,200,1420.0,D
sh600519,贵州茅台,10:11:19,1419.99,2201,1420.0,D
sh600519,贵州茅台,10:11:22,1419.98,300,1419.99,E
sh600519,贵州茅台,10:11:25,1419.99,500,1419.98,U
sh600519,贵州茅台,10:11:31,1419.66,349,1419.98,D
sh600519,贵州茅台,10:11:34,1419.98,600,1419.66,U
sh600519,贵州茅台,10:11:37,1419.95,500,1419.98,E
sh600519,贵州茅台,10:11:46,1419.5,200,1419.95,D
sh600519,贵州茅台,10:11:49,1419.5,200,1419.5,D
sh600519,贵州茅台,10:11:52,1419.5,200,1419.5,U
sh600519,贵州茅台,10:12:01,1419.39,200,1419.44,D
sh600519,贵州茅台,10:12:03,1419.44,200,1419.39,U
sh600519,贵州茅台,10:12:07,1419.44,500,1419.44,U
sh600519,贵州茅台,10:12:13,1419.38,300,1419.37,U
sh600519,贵州茅台,10:12:16,1419.37,200,1419.38,D
sh600519,贵州茅台,10:12:19,1419.33,700,1419.37,D
sh600519,贵州茅台,10:12:22,1419.35,600,1419.33,E
sh600519,贵州茅台,10:12:27,1419.28,300,1419.35,E
sh600519,贵州茅台,10:12:31,1419.3,400,1419.28,U
sh600519,贵州茅台,10:12:33,1419.3,300,1419.3,U
sh600519,贵州茅台,10:12:37,1419.27,300,1419.3,D
sh600519,贵州茅台,10:12:40,1419.28,500,1419.27,U
sh600519,贵州茅台,10:12:43,1419.28,800,1419.28,D
sh600519,贵州茅台,10:12:46,1419.28,500,1419.28,D
sh600519,贵州茅台,10:12:52,1419.28,200,1419.27,U
sh600519,贵州茅台,10:12:55,1419.27,1000,1419.28,D
sh600519,贵州茅台,10:12:57,1419.15,1000,1419.27,D
sh600519,贵州茅台,10:13:01,1419.11,300,1419.15,D
sh600519,贵州茅台,10:13:04,1419.1,1900,1419.11,D
sh600519,贵州茅台,10:13:07,1419.01,1800,1419.1,D
sh600519,贵州茅台,10:13:10,1419.0,3400,1419.01,D
sh600519,贵州茅台,10:13:13,1419.0,1100,1419.0,D
sh600519,贵州茅台,10:13:16,1419.0,800,1419.0,D
sh600519,贵州茅台,10:13:19,1418.98,1000,1419.0,D
sh600519,贵州茅台,10:13:22,1418.83,400,1418.98,D
sh600519,贵州茅台,10:13:25,1419.0,300,1418.83,U
sh600519,贵州茅台,10:13:37,1419.0,300,1419.0,U
sh600519,贵州茅台,10:13:43,1419.0,200,1419.0,U
sh600519,贵州茅台,10:13:46,1418.96,200,1419.0,D
sh600519,贵州茅台,10:13:52,1419.0,200,1418.95,D
sh600519,贵州茅台,10:13:55,1419.02,200,1419.0,U
sh600519,贵州茅台,10:13:58,1419.0,400,1419.02,D
sh600519,贵州茅台,10:14:00,1419.0,200,1419.0,U
sh600519,贵州茅台,10:14:06,1419.0,300,1419.0,U
sh600519,贵州茅台,10:14:10,1419.0,200,1419.0,U
sh600519,贵州茅台,10:14:13,1419.0,500,1419.0,U
sh600519,贵州茅台,10:14:16,1419.0,751,1419.0,U
sh600519,贵州茅台,10:14:19,1419.01,300,1419.0,E
sh600519,贵州茅台,10:14:28,1419.03,400,1419.01,E
sh600519,贵州茅台,10:14:30,1419.01,200,1419.03,D
sh600519,贵州茅台,10:14:34,1419.1,300,1419.01,D
sh600519,贵州茅台,10:14:37,1419.1,800,1419.1,D
sh600519,贵州茅台,10:14:46,1419.28,200,1419.28,U
sh600519,贵州茅台,10:14:49,1419.1,200,1419.28,D
sh600519,贵州茅台,10:14:52,1419.1,700,1419.1,U
sh600519,贵州茅台,10:14:55,1419.14,500,1419.1,U
sh600519,贵州茅台,10:14:57,1419.14,500,1419.14,U
sh600519,贵州茅台,10:15:01,1419.02,700,1419.14,E
sh600519,贵州茅台,10:15:04,1418.95,2500,1419.02,D
sh600519,贵州茅台,10:15:07,1418.89,700,1418.95,D
sh600519,贵州茅台,10:15:10,1418.88,1000,1418.89,D
sh600519,贵州茅台,10:15:13,1418.88,900,1418.88,D
sh600519,贵州茅台,10:15:16,1418.89,800,1418.88,U
sh600519,贵州茅台,10:15:19,1418.81,300,1418.89,D
sh600519,贵州茅台,10:15:25,1418.8,600,1418.86,D
sh600519,贵州茅台,10:15:31,1418.85,300,1418.88,U
sh600519,贵州茅台,10:15:33,1418.81,300,1418.85,D
sh600519,贵州茅台,10:15:37,1418.8,500,1418.81,D
sh600519,贵州茅台,10:15:39,1418.84,200,1418.8,E
sh600519,贵州茅台,10:15:42,1418.8,400,1418.84,D
sh600519,贵州茅台,10:15:46,1418.85,400,1418.8,U
sh600519,贵州茅台,10:15:49,1418.8,600,1418.85,D
sh600519,贵州茅台,10:15:52,1418.8,200,1418.8,D
sh600519,贵州茅台,10:15:58,1418.81,300,1418.8,D
sh600519,贵州茅台,10:16:01,1418.8,300,1418.81,D
sh600519,贵州茅台,10:16:07,1418.77,400,1418.8,D
sh600519,贵州茅台,10:16:13,1418.8,200,1418.77,E
sh600519,贵州茅台,10:16:15,1418.76,300,1418.8,D
sh600519,贵州茅台,10:16:18,1418.7,200,1418.76,D
sh600519,贵州茅台,10:16:22,1418.7,200,1418.7,D
sh600519,贵州茅台,10:16:24,1418.76,200,1418.7,E
sh600519,贵州茅台,10:16:28,1418.7,400,1418.76,D
sh600519,贵州茅台,10:16:31,1418.61,300,1418.7,D
sh600519,贵州茅台,10:16:33,1418.6,800,1418.61,E
sh600519,贵州茅台,10:16:37,1418.5,1600,1418.6,D
sh600519,贵州茅台,10:16:43,1418.33,300,1418.45,D
sh600519,贵州茅台,10:16:51,1418.2,900,1418.31,D
sh600519,贵州茅台,10:16:55,1418.18,200,1418.2,D
sh600519,贵州茅台,10:17:01,1418.18,600,1418.18,D
sh600519,贵州茅台,10:17:04,1418.17,700,1418.18,D
sh600519,贵州茅台,10:17:07,1418.15,500,1418.17,D
sh600519,贵州茅台,10:17:10,1418.15,2300,1418.15,D
sh600519,贵州茅台,10:17:16,1418.06,1000,1418.05,E
sh600519,贵州茅台,10:17:19,1418.05,600,1418.06,D
sh600519,贵州茅台,10:17:22,1418.03,300,1418.05,D
sh600519,贵州茅台,10:17:25,1418.06,300,1418.03,U
sh600519,贵州茅台,10:17:28,1418.06,300,1418.06,U
sh600519,贵州茅台,10:17:31,1418.05,600,1418.06,D
sh600519,贵州茅台,10:17:37,1418.07,600,1418.07,E
sh600519,贵州茅台,10:17:40,1418.06,400,1418.07,D
sh600519,贵州茅台,10:17:43,1418.06,1100,1418.06,D
sh600519,贵州茅台,10:17:46,1418.05,1100,1418.06,D
sh600519,贵州茅台,10:17:49,1418.04,600,1418.05,D
sh600519,贵州茅台,10:17:52,1418.04,500,1418.04,D
sh600519,贵州茅台,10:17:55,1418.04,900,1418.04,E
sh600519,贵州茅台,10:17:58,1418.03,1800,1418.04,E
sh600519,贵州茅台,10:18:01,1418.01,500,1418.03,D
sh600519,贵州茅台,10:18:04,1418.01,4100,1418.01,D
sh600519,贵州茅台,10:18:07,1418.0,2200,1418.01,D
sh600519,贵州茅台,10:18:10,1418.0,1000,1418.0,D
sh600519,贵州茅台,10:18:13,1418.01,1600,1418.0,U
sh600519,贵州茅台,10:18:19,1418.0,600,1418.01,D
sh600519,贵州茅台,10:18:22,1418.01,600,1418.0,U
sh600519,贵州茅台,10:18:25,1418.01,300,1418.01,U
sh600519,贵州茅台,10:18:28,1418.0,400,1418.01,D
sh600519,贵州茅台,10:18:31,1418.03,300,1418.0,U
sh600519,贵州茅台,10:18:34,1418.02,200,1418.03,U
sh600519,贵州茅台,10:18:37,1418.0,1200,1418.02,D
sh600519,贵州茅台,10:18:40,1418.0,800,1418.0,D
sh600519,贵州茅台,10:18:49,1418.01,600,1418.0,D
sh600519,贵州茅台,10:18:52,1418.0,200,1418.01,D
sh600519,贵州茅台,10:18:58,1418.03,700,1418.01,U
sh600519,贵州茅台,10:19:01,1418.03,400,1418.03,D
sh600519,贵州茅台,10:19:07,1418.01,500,1418.01,D
sh600519,贵州茅台,10:19:10,1418.01,1700,1418.01,D
sh600519,贵州茅台,10:19:12,1418.02,600,1418.01,U
sh600519,贵州茅台,10:19:18,1418.02,1000,1418.01,U
sh600519,贵州茅台,10:19:25,1418.02,200,1418.02,D
sh600519,贵州茅台,10:19:33,1418.04,500,1418.03,U
sh600519,贵州茅台,10:19:37,1418.03,1000,1418.04,D
sh600519,贵州茅台,10:19:40,1418.03,200,1418.03,D
sh600519,贵州茅台,10:19:43,1418.05,200,1418.03,U
sh600519,贵州茅台,10:19:52,1418.05,400,1418.05,U
sh600519,贵州茅台,10:19:55,1418.03,600,1418.05,D
sh600519,贵州茅台,10:20:01,1418.03,900,1418.05,D
sh600519,贵州茅台,10:20:04,1418.03,600,1418.03,D
sh600519,贵州茅台,10:20:10,1418.05,300,1418.03,E
sh600519,贵州茅台,10:20:31,1418.09,200,1418.1,D
sh600519,贵州茅台,10:20:34,1418.1,300,1418.09,D
sh600519,贵州茅台,10:20:40,1418.11,200,1418.1,U
sh600519,贵州茅台,10:20:46,1418.11,600,1418.1,U
sh600519,贵州茅台,10:20:49,1418.11,200,1418.11,E
sh600519,贵州茅台,10:20:58,1418.16,400,1418.11,U
sh600519,贵州茅台,10:21:01,1418.11,300,1418.16,D
sh600519,贵州茅台,10:21:04,1418.12,200,1418.11,E
sh600519,贵州茅台,10:21:10,1418.11,200,1418.12,D
sh600519,贵州茅台,10:21:13,1418.11,300,1418.11,D
sh600519,贵州茅台,10:21:16,1418.11,400,1418.11,U
sh600519,贵州茅台,10:21:19,1418.1,500,1418.11,D
sh600519,贵州茅台,10:21:22,1418.21,2500,1418.1,U
sh600519,贵州茅台,10:21:43,1418.8,200,1418.39,U
sh600519,贵州茅台,10:21:49,1418.8,300,1418.79,U
sh600519,贵州茅台,10:21:55,1419.01,300,1418.8,U
sh600519,贵州茅台,10:21:58,1419.38,1100,1419.01,U
sh600519,贵州茅台,10:22:01,1419.35,200,1419.38,D
sh600519,贵州茅台,10:22:04,1419.39,200,1419.35,U
sh600519,贵州茅台,10:22:07,1419.39,200,1419.39,U
sh600519,贵州茅台,10:22:10,1419.35,200,1419.39,D
sh600519,贵州茅台,10:22:13,1419.39,200,1419.35,U
sh600519,贵州茅台,10:22:19,1419.35,600,1419.39,D
sh600519,贵州茅台,10:22:22,1419.35,400,1419.35,D
sh600519,贵州茅台,10:22:30,1419.35,400,1419.35,U
sh600519,贵州茅台,10:22:43,1419.3,900,1419.35,E
sh600519,贵州茅台,10:22:52,1419.38,500,1419.35,U
sh600519,贵州茅台,10:22:55,1419.35,500,1419.38,D
sh600519,贵州茅台,10:23:03,1419.38,400,1419.35,E
sh600519,贵州茅台,10:23:28,1419.5,200,1419.6,E
sh600519,贵州茅台,10:23:33,1419.85,200,1419.5,U
sh600519,贵州茅台,10:23:37,1419.98,800,1419.85,U
sh600519,贵州茅台,10:23:43,1420.0,200,1419.98,U
sh600519,贵州茅台,10:23:46,1420.0,400,1420.0,U
sh600519,贵州茅台,10:23:48,1420.0,400,1420.0,U
sh600519,贵州茅台,10:23:55,1420.0,400,1419.99,U
sh600519,贵州茅台,10:24:01,1419.85,1462,1420.0,D
sh600519,贵州茅台,10:24:04,1419.99,200,1419.85,U
sh600519,贵州茅台,10:24:12,1419.98,200,1419.99,U
sh600519,贵州茅台,10:24:16,1419.98,200,1419.98,D
sh600519,贵州茅台,10:24:25,1419.98,700,1419.99,D
sh600519,贵州茅台,10:24:28,1419.99,200,1419.98,U
sh600519,贵州茅台,10:24:51,1420.0,400,1420.01,D
sh600519,贵州茅台,10:24:55,1420.0,900,1420.0,U
sh600519,贵州茅台,10:24:58,1419.97,500,1420.0,D
sh600519,贵州茅台,10:25:01,1419.85,500,1419.97,D
sh600519,贵州茅台,10:25:03,1419.78,400,1419.85,D
sh600519,贵州茅台,10:25:07,1419.6,400,1419.78,D
sh600519,贵州茅台,10:25:10,1419.44,400,1419.6,D
sh600519,贵州茅台,10:25:15,1419.39,600,1419.4,D
sh600519,贵州茅台,10:25:28,1419.38,200,1419.41,D
sh600519,贵州茅台,10:25:46,1419.78,400,1419.78,U
sh600519,贵州茅台,10:25:51,1419.77,200,1419.78,E
sh600519,贵州茅台,10:25:58,1419.78,200,1419.77,U
sh600519,贵州茅台,10:26:00,1419.78,500,1419.78,U
sh600519,贵州茅台,10:26:10,1419.52,500,1419.78,D
sh600519,贵州茅台,10:26:13,1419.51,900,1419.52,D
sh600519,贵州茅台,10:26:25,1419.51,400,1419.51,U
sh600519,贵州茅台,10:26:34,1419.41,600,1419.43,D
sh600519,贵州茅台,10:26:43,1419.41,300,1419.41,E
sh600519,贵州茅台,10:26:46,1419.4,900,1419.41,D
sh600519,贵州茅台,10:27:01,1419.5,3600,1419.38,U
sh600519,贵州茅台,10:27:04,1419.5,1900,1419.5,U
sh600519,贵州茅台,10:27:10,1419.5,200,1419.5,U
sh600519,贵州茅台,10:27:21,1419.5,1900,1419.38,U
sh600519,贵州茅台,10:27:28,1419.38,200,1419.5,D
sh600519,贵州茅台,10:27:43,1419.4,800,1419.4,D
sh600519,贵州茅台,10:27:45,1419.42,500,1419.4,U
sh600519,贵州茅台,10:27:54,1419.42,300,1419.42,U
sh600519,贵州茅台,10:27:58,1419.38,800,1419.42,D
sh600519,贵州茅台,10:28:04,1419.38,700,1419.38,U
sh600519,贵州茅台,10:28:10,1419.36,200,1419.38,D
sh600519,贵州茅台,10:28:13,1419.38,1000,1419.36,U
sh600519,贵州茅台,10:28:16,1419.38,600,1419.38,U
sh600519,贵州茅台,10:28:19,1419.48,900,1419.38,U
sh600519,贵州茅台,10:28:21,1420.0,3000,1419.48,U
sh600519,贵州茅台,10:28:25,1419.8,400,1420.0,E
sh600519,贵州茅台,10:28:28,1419.78,400,1419.8,D
sh600519,贵州茅台,10:28:34,1419.89,300,1419.78,E
sh600519,贵州茅台,10:28:37,1419.9,200,1419.89,U
sh600519,贵州茅台,10:28:39,1419.89,500,1419.9,D
sh600519,贵州茅台,10:28:49,1419.91,300,1419.89,U
sh600519,贵州茅台,10:29:04,1420.0,1000,1419.98,U
sh600519,贵州茅台,10:29:07,1419.93,400,1420.0,U
sh600519,贵州茅台,10:29:10,1419.89,800,1419.93,D
sh600519,贵州茅台,10:29:13,1419.91,500,1419.89,U
sh600519,贵州茅台,10:29:16,1419.9,200,1419.91,D
sh600519,贵州茅台,10:29:18,1419.91,200,1419.9,U
sh600519,贵州茅台,10:29:25,1419.9,400,1419.91,D
sh600519,贵州茅台,10:29:27,1419.89,300,1419.9,D
sh600519,贵州茅台,10:29:34,1419.9,300,1419.89,U
sh600519,贵州茅台,10:29:37,1419.89,400,1419.9,D
sh600519,贵州茅台,10:29:40,1419.9,200,1419.89,U
sh600519,贵州茅台,10:29:46,1419.9,1000,1419.9,U
sh600519,贵州茅台,10:29:49,1419.9,400,1419.9,U
sh600519,贵州茅台,10:29:52,1419.9,200,1419.9,E
sh600519,贵州茅台,10:29:54,1419.9,200,1419.9,D
sh600519,贵州茅台,10:30:01,1419.9,300,1419.91,D
sh600519,贵州茅台,10:30:04,1419.9,700,1419.9,D
sh600519,贵州茅台,10:30:07,1419.91,300,1419.9,U
sh600519,贵州茅台,10:30:13,1419.91,400,1419.91,U
sh600519,贵州茅台,10:30:25,1419.91,700,1419.91,D
sh600519,贵州茅台,10:30:31,1419.9,1000,1419.91,D
sh600519,贵州茅台,10:30:37,1419.91,800,1419.9,U
sh600519,贵州茅台,10:30:43,1419.92,200,1419.91,U
sh600519,贵州茅台,10:30:46,1419.99,500,1419.92,U
sh600519,贵州茅台,10:30:49,1420.49,2345,1419.99,U
sh600519,贵州茅台,10:30:52,1420.22,200,1420.49,D
sh600519,贵州茅台,10:30:55,1420.24,300,1420.22,E
sh600519,贵州茅台,10:30:58,1420.23,200,1420.24,D
sh600519,贵州茅台,10:31:00,1420.28,500,1420.23,E
sh600519,贵州茅台,10:31:04,1420.27,200,1420.28,E
sh600519,贵州茅台,10:31:10,1420.23,200,1420.27,D
sh600519,贵州茅台,10:31:16,1420.22,300,1420.23,D
sh600519,贵州茅台,10:31:19,1420.22,500,1420.22,D
sh600519,贵州茅台,10:31:22,1420.17,200,1420.22,D
sh600519,贵州茅台,10:31:24,1420.18,200,1420.17,E
sh600519,贵州茅台,10:31:27,1420.17,300,1420.18,D
sh600519,贵州茅台,10:31:31,1420.17,1000,1420.17,U
sh600519,贵州茅台,10:31:34,1420.06,200,1420.17,D
sh600519,贵州茅台,10:31:37,1420.21,600,1420.06,U
sh600519,贵州茅台,10:31:55,1420.06,500,1420.17,D
sh600519,贵州茅台,10:31:58,1420.06,600,1420.06,D
sh600519,贵州茅台,10:32:01,1419.99,900,1420.06,D
sh600519,贵州茅台,10:32:04,1420.0,200,1419.99,U
sh600519,贵州茅台,10:32:07,1420.05,500,1420.0,U
sh600519,贵州茅台,10:32:12,1420.0,200,1420.05,U
sh600519,贵州茅台,10:32:31,1420.14,900,1420.0,U
sh600519,贵州茅台,10:33:01,1420.08,1100,1420.12,D
sh600519,贵州茅台,10:33:04,1420.08,200,1420.08,U
sh600519,贵州茅台,10:33:10,1420.08,500,1420.0,U
sh600519,贵州茅台,10:33:13,1420.01,400,1420.08,E
sh600519,贵州茅台,10:33:16,1419.91,771,1420.01,D
sh600519,贵州茅台,10:33:19,1419.88,700,1419.91,D
sh600519,贵州茅台,10:33:25,1419.85,300,1419.88,D
sh600519,贵州茅台,10:33:27,1419.88,800,1419.85,U
sh600519,贵州茅台,10:33:30,1419.85,1400,1419.88,D
sh600519,贵州茅台,10:33:33,1419.5,800,1419.85,D
sh600519,贵州茅台,10:33:37,1419.46,400,1419.5,D
sh600519,贵州茅台,10:33:40,1419.39,200,1419.46,D
sh600519,贵州茅台,10:33:43,1419.45,200,1419.39,U
sh600519,贵州茅台,10:33:48,1419.44,600,1419.45,U
sh600519,贵州茅台,10:33:52,1419.38,200,1419.44,D
sh600519,贵州茅台,10:33:55,1419.42,200,1419.38,E
sh600519,贵州茅台,10:33:58,1419.38,300,1419.42,D
sh600519,贵州茅台,10:34:01,1419.41,600,1419.38,E
sh600519,贵州茅台,10:34:04,1419.41,400,1419.41,U
sh600519,贵州茅台,10:34:09,1419.41,200,1419.41,U
sh600519,贵州茅台,10:34:13,1419.4,200,1419.41,D
sh600519,贵州茅台,10:34:16,1419.4,200,1419.4,E
sh600519,贵州茅台,10:34:22,1419.38,200,1419.38,D
sh600519,贵州茅台,10:34:28,1419.2,900,1419.38,D
sh600519,贵州茅台,10:34:30,1419.35,400,1419.2,E
sh600519,贵州茅台,10:34:36,1419.44,1200,1419.35,U
sh600519,贵州茅台,10:34:40,1419.43,200,1419.44,D
sh600519,贵州茅台,10:34:43,1419.45,400,1419.43,U
sh600519,贵州茅台,10:34:58,1419.58,200,1419.58,U
sh600519,贵州茅台,10:35:01,1419.58,400,1419.58,U
sh600519,贵州茅台,10:35:04,1419.58,600,1419.58,U
sh600519,贵州茅台,10:35:07,1419.58,300,1419.58,E
sh600519,贵州茅台,10:35:13,1419.59,600,1419.58,U
sh600519,贵州茅台,10:35:19,1419.59,700,1419.59,U
sh600519,贵州茅台,10:35:22,1419.58,200,1419.59,D
sh600519,贵州茅台,10:35:25,1419.59,200,1419.58,U
sh600519,贵州茅台,10:35:28,1419.59,200,1419.59,U
sh600519,贵州茅台,10:35:30,1419.6,600,1419.59,U
sh600519,贵州茅台,10:35:46,1419.6,900,1419.6,U
sh600519,贵州茅台,10:35:52,1419.55,500,1419.6,D
sh600519,贵州茅台,10:35:55,1419.55,400,1419.55,U
sh600519,贵州茅台,10:36:01,1419.84,200,1419.55,U
sh600519,贵州茅台,10:36:04,1419.84,400,1419.84,U
sh600519,贵州茅台,10:36:07,1420.28,9000,1419.84,U
sh600519,贵州茅台,10:36:10,1420.42,1200,1420.28,D
sh600519,贵州茅台,10:36:22,1420.92,400,1420.42,U
sh600519,贵州茅台,10:36:31,1420.2,200,1420.72,D
sh600519,贵州茅台,10:36:43,1420.88,200,1420.2,U
sh600519,贵州茅台,10:36:49,1420.87,200,1420.88,E
sh600519,贵州茅台,10:37:01,1420.87,1000,1420.86,E
sh600519,贵州茅台,10:37:04,1420.26,400,1420.87,D
sh600519,贵州茅台,10:37:10,1420.26,300,1420.26,D
sh600519,贵州茅台,10:37:22,1420.01,600,1420.26,D
sh600519,贵州茅台,10:37:31,1420.0,400,1420.01,D
sh600519,贵州茅台,10:37:36,1420.0,600,1420.0,U
sh600519,贵州茅台,10:37:40,1420.22,200,1420.0,U
sh600519,贵州茅台,10:37:49,1420.0,300,1420.09,D
sh600519,贵州茅台,10:38:01,1420.73,500,1420.0,E
sh600519,贵州茅台,10:38:06,1420.53,400,1420.73,U
sh600519,贵州茅台,10:38:25,1420.4,200,1420.53,U
sh600519,贵州茅台,10:38:31,1420.4,1100,1420.4,U
sh600519,贵州茅台,10:38:37,1420.0,200,1420.39,D
sh600519,贵州茅台,10:38:39,1420.0,900,1420.0,D
sh600519,贵州茅台,10:38:55,1420.11,200,1420.0,E
sh600519,贵州茅台,10:39:01,1420.01,600,1420.11,D
sh600519,贵州茅台,10:39:04,1420.0,500,1420.01,D
sh600519,贵州茅台,10:39:06,1420.0,300,1420.0,D
sh600519,贵州茅台,10:39:10,1419.88,200,1420.0,D
sh600519,贵州茅台,10:39:13,1419.61,200,1419.88,D
sh600519,贵州茅台,10:39:16,1419.6,800,1419.61,D
sh600519,贵州茅台,10:39:19,1419.46,300,1419.6,D
sh600519,贵州茅台,10:39:22,1419.46,200,1419.46,D
sh600519,贵州茅台,10:39:31,1419.87,1100,1419.5,E
sh600519,贵州茅台,10:39:33,1419.43,400,1419.87,D
sh600519,贵州茅台,10:39:37,1419.43,300,1419.43,D
sh600519,贵州茅台,10:39:40,1419.35,2200,1419.43,D
sh600519,贵州茅台,10:39:43,1419.28,300,1419.35,D
sh600519,贵州茅台,10:39:49,1419.28,200,1419.28,E
sh600519,贵州茅台,10:39:52,1419.02,500,1419.28,D
sh600519,贵州茅台,10:39:55,1419.01,700,1419.02,D
sh600519,贵州茅台,10:39:58,1419.02,600,1419.01,E
sh600519,贵州茅台,10:40:01,1419.0,2300,1419.02,D
sh600519,贵州茅台,10:40:04,1418.83,3800,1419.0,D
sh600519,贵州茅台,10:40:07,1418.39,500,1418.83,D
sh600519,贵州茅台,10:40:10,1418.18,1800,1418.39,D
sh600519,贵州茅台,10:40:13,1418.16,2100,1418.18,D
sh600519,贵州茅台,10:40:16,1418.16,500,1418.16,D
sh600519,贵州茅台,10:40:19,1418.16,1000,1418.16,D
sh600519,贵州茅台,10:40:22,1418.17,1500,1418.16,U
sh600519,贵州茅台,10:40:25,1418.17,600,1418.17,U
sh600519,贵州茅台,10:40:28,1418.17,1000,1418.17,U
sh600519,贵州茅台,10:40:30,1418.17,700,1418.17,U
sh600519,贵州茅台,10:40:33,1418.17,500,1418.17,U
sh600519,贵州茅台,10:40:36,1418.16,800,1418.17,D
sh600519,贵州茅台,10:40:42,1418.17,600,1418.17,D
sh600519,贵州茅台,10:40:49,1418.18,2500,1418.17,U
sh600519,贵州茅台,10:40:55,1418.18,200,1418.18,U
sh600519,贵州茅台,10:41:07,1418.5,300,1418.27,U
sh600519,贵州茅台,10:41:10,1418.27,200,1418.5,D
sh600519,贵州茅台,10:41:16,1418.5,400,1418.5,U
sh600519,贵州茅台,10:41:19,1418.2,1000,1418.5,D
sh600519,贵州茅台,10:41:22,1418.2,300,1418.2,U
sh600519,贵州茅台,10:41:24,1418.2,200,1418.2,U
sh600519,贵州茅台,10:41:28,1418.2,2400,1418.2,U
sh600519,贵州茅台,10:41:31,1418.28,500,1418.2,U
sh600519,贵州茅台,10:41:34,1418.2,500,1418.28,D
sh600519,贵州茅台,10:41:52,1418.2,1900,1418.83,D
sh600519,贵州茅台,10:41:58,1418.2,200,1418.2,U
sh600519,贵州茅台,10:42:00,1418.2,500,1418.2,U
sh600519,贵州茅台,10:42:04,1418.84,2100,1418.2,U
sh600519,贵州茅台,10:42:24,1418.94,800,1418.84,U
sh600519,贵州茅台,10:42:31,1418.84,200,1418.94,E
sh600519,贵州茅台,10:42:36,1418.32,300,1418.84,D
sh600519,贵州茅台,10:42:46,1418.89,200,1418.32,U
sh600519,贵州茅台,10:42:52,1418.84,400,1418.89,D
sh600519,贵州茅台,10:42:57,1418.8,200,1418.84,U
sh600519,贵州茅台,10:43:01,1418.84,700,1418.8,U
sh600519,贵州茅台,10:43:12,1418.8,200,1418.8,U
sh600519,贵州茅台,10:43:22,1418.75,200,1418.75,U
sh600519,贵州茅台,10:43:28,1418.75,200,1418.75,U
sh600519,贵州茅台,10:43:30,1418.75,300,1418.75,U
sh600519,贵州茅台,10:43:34,1418.75,200,1418.75,D
sh600519,贵州茅台,10:43:40,1418.81,300,1418.75,U
sh600519,贵州茅台,10:43:46,1418.81,500,1418.81,U
sh600519,贵州茅台,10:43:58,1418.81,400,1418.76,U
sh600519,贵州茅台,10:44:01,1418.78,200,1418.81,E
sh600519,贵州茅台,10:44:06,1418.78,1000,1418.79,U
sh600519,贵州茅台,10:44:10,1418.8,200,1418.78,D
sh600519,贵州茅台,10:44:13,1418.82,200,1418.8,E
sh600519,贵州茅台,10:44:19,1418.77,800,1418.82,D
sh600519,贵州茅台,10:44:31,1418.83,200,1418.83,U
sh600519,贵州茅台,10:44:34,1418.83,400,1418.83,U
sh600519,贵州茅台,10:44:42,1418.8,300,1418.83,D
sh600519,贵州茅台,10:44:55,1418.82,200,1418.82,U
sh600519,贵州茅台,10:44:58,1418.82,200,1418.82,U
sh600519,贵州茅台,10:45:04,1418.82,200,1418.82,U
sh600519,贵州茅台,10:45:07,1418.79,1000,1418.82,D
sh600519,贵州茅台,10:45:22,1418.81,200,1418.8,U
sh600519,贵州茅台,10:45:31,1418.81,300,1418.81,U
sh600519,贵州茅台,10:45:33,1418.81,200,1418.81,U
sh600519,贵州茅台,10:45:43,1418.76,1200,1418.81,D
sh600519,贵州茅台,10:45:46,1418.05,7700,1418.76,D
sh600519,贵州茅台,10:45:51,1418.63,300,1418.05,U
sh600519,贵州茅台,10:46:04,1418.63,400,1418.63,U
sh600519,贵州茅台,10:46:07,1418.63,200,1418.63,U
sh600519,贵州茅台,10:46:12,1418.59,500,1418.63,E
sh600519,贵州茅台,10:46:22,1418.61,400,1418.58,U
sh600519,贵州茅台,10:46:25,1418.58,200,1418.61,U
sh600519,贵州茅台,10:46:31,1418.57,300,1418.57,U
sh600519,贵州茅台,10:46:43,1418.1,600,1418.08,D
sh600519,贵州茅台,10:46:46,1418.56,400,1418.1,E
sh600519,贵州茅台,10:46:49,1418.08,200,1418.56,D
sh600519,贵州茅台,10:46:52,1418.57,500,1418.08,U
sh600519,贵州茅台,10:46:55,1418.08,5500,1418.57,D
sh600519,贵州茅台,10:46:58,1418.08,1000,1418.08,D
sh600519,贵州茅台,10:47:01,1418.57,400,1418.08,U
sh600519,贵州茅台,10:47:03,1418.57,300,1418.57,U
sh600519,贵州茅台,10:47:06,1418.13,200,1418.57,E
sh600519,贵州茅台,10:47:13,1419.0,3000,1418.13,U
sh600519,贵州茅台,10:47:16,1418.7,200,1419.0,D
sh600519,贵州茅台,10:47:25,1419.28,400,1419.28,D
sh600519,贵州茅台,10:47:28,1419.32,200,1419.28,E
sh600519,贵州茅台,10:47:34,1419.9,200,1419.37,U
sh600519,贵州茅台,10:47:40,1419.9,200,1419.9,E
sh600519,贵州茅台,10:47:49,1419.93,700,1419.93,U
sh600519,贵州茅台,10:47:58,1419.94,300,1419.93,U
sh600519,贵州茅台,10:48:04,1419.93,500,1419.94,D
sh600519,贵州茅台,10:48:07,1419.98,200,1419.93,U
sh600519,贵州茅台,10:48:10,1419.94,200,1419.98,D
sh600519,贵州茅台,10:48:21,1420.03,2400,1419.94,U
sh600519,贵州茅台,10:48:25,1420.0,300,1420.03,D
sh600519,贵州茅台,10:48:31,1420.09,400,1420.0,U
sh600519,贵州茅台,10:48:58,1420.18,400,1420.18,D
sh600519,贵州茅台,10:49:07,1420.57,200,1420.57,U
sh600519,贵州茅台,10:49:18,1420.38,200,1420.38,D
sh600519,贵州茅台,10:49:25,1420.39,1100,1420.57,D
sh600519,贵州茅台,10:49:28,1420.39,400,1420.39,D
sh600519,贵州茅台,10:49:33,1420.57,200,1420.67,D
sh600519,贵州茅台,10:49:39,1420.44,200,1420.57,E
sh600519,贵州茅台,10:49:43,1420.67,200,1420.44,U
sh600519,贵州茅台,10:49:46,1420.66,200,1420.67,U
sh600519,贵州茅台,10:49:48,1420.66,300,1420.66,E
sh600519,贵州茅台,10:49:58,1420.68,500,1420.66,U
sh600519,贵州茅台,10:50:09,1420.68,700,1420.67,U
sh600519,贵州茅台,10:50:12,1420.68,200,1420.68,U
sh600519,贵州茅台,10:50:15,1420.67,300,1420.68,D
sh600519,贵州茅台,10:50:19,1420.66,400,1420.67,D
sh600519,贵州茅台,10:50:22,1420.44,500,1420.66,D
sh600519,贵州茅台,10:50:27,1420.39,500,1420.44,D
sh600519,贵州茅台,10:50:31,1420.42,200,1420.39,U
sh600519,贵州茅台,10:50:34,1420.27,300,1420.42,D
sh600519,贵州茅台,10:50:36,1420.2,200,1420.27,D
sh600519,贵州茅台,10:50:40,1420.27,200,1420.2,U
sh600519,贵州茅台,10:50:45,1420.27,300,1420.21,U
sh600519,贵州茅台,10:50:55,1420.21,900,1420.27,D
sh600519,贵州茅台,10:51:07,1420.27,900,1420.21,U
sh600519,贵州茅台,10:51:19,1420.27,300,1420.27,U
sh600519,贵州茅台,10:51:22,1420.27,400,1420.27,U
sh600519,贵州茅台,10:51:25,1420.28,400,1420.27,U
sh600519,贵州茅台,10:51:28,1420.28,300,1420.28,U
sh600519,贵州茅台,10:51:31,1420.27,500,1420.28,D
sh600519,贵州茅台,10:51:34,1420.27,500,1420.27,D
sh600519,贵州茅台,10:51:36,1420.27,300,1420.27,D
sh600519,贵州茅台,10:51:39,1420.28,200,1420.27,U
sh600519,贵州茅台,10:51:43,1420.28,600,1420.28,U
sh600519,贵州茅台,10:51:46,1420.21,500,1420.28,D
sh600519,贵州茅台,10:51:49,1420.28,200,1420.21,U
sh600519,贵州茅台,10:51:52,1420.21,200,1420.28,D
sh600519,贵州茅台,10:51:54,1420.21,400,1420.21,D
sh600519,贵州茅台,10:51:58,1420.21,600,1420.21,D
sh600519,贵州茅台,10:52:00,1420.25,600,1420.21,U
sh600519,贵州茅台,10:52:04,1420.24,600,1420.25,U
sh600519,贵州茅台,10:52:07,1420.18,900,1420.24,D
sh600519,贵州茅台,10:52:10,1420.24,400,1420.18,U
sh600519,贵州茅台,10:52:25,1420.11,300,1420.11,D
sh600519,贵州茅台,10:52:27,1420.24,500,1420.11,E
sh600519,贵州茅台,10:52:30,1420.24,200,1420.24,U
sh600519,贵州茅台,10:52:34,1420.24,200,1420.24,U
sh600519,贵州茅台,10:52:37,1420.27,500,1420.24,U
sh600519,贵州茅台,10:52:40,1420.27,1700,1420.27,U
sh600519,贵州茅台,10:52:43,1420.3,700,1420.27,U
sh600519,贵州茅台,10:52:46,1420.3,300,1420.3,D
sh600519,贵州茅台,10:52:48,1420.31,300,1420.3,U
sh600519,贵州茅台,10:52:52,1420.31,700,1420.31,U
sh600519,贵州茅台,10:52:55,1420.31,800,1420.31,U
sh600519,贵州茅台,10:52:58,1420.31,300,1420.31,D
sh600519,贵州茅台,10:53:01,1420.25,400,1420.31,D
sh600519,贵州茅台,10:53:04,1420.15,300,1420.25,D
sh600519,贵州茅台,10:53:13,1420.28,300,1420.28,U
sh600519,贵州茅台,10:53:18,1420.15,300,1420.27,D
sh600519,贵州茅台,10:53:21,1420.26,500,1420.15,U
sh600519,贵州茅台,10:53:25,1420.25,200,1420.26,U
sh600519,贵州茅台,10:53:28,1420.16,300,1420.25,D
sh600519,贵州茅台,10:53:31,1420.15,200,1420.16,U
sh600519,贵州茅台,10:53:34,1420.13,200,1420.15,D
sh600519,贵州茅台,10:53:37,1420.11,800,1420.13,D
sh600519,贵州茅台,10:53:40,1420.27,300,1420.11,U
sh600519,贵州茅台,10:53:42,1420.13,300,1420.27,D
sh600519,贵州茅台,10:53:45,1420.15,300,1420.13,U
sh600519,贵州茅台,10:53:49,1420.15,200,1420.15,U
sh600519,贵州茅台,10:54:01,1420.01,600,1420.15,D
sh600519,贵州茅台,10:54:03,1420.01,500,1420.01,D
sh600519,贵州茅台,10:54:09,1420.02,300,1420.23,D
sh600519,贵州茅台,10:54:12,1420.01,300,1420.02,D
sh600519,贵州茅台,10:54:22,1420.01,1000,1420.01,D
sh600519,贵州茅台,10:54:25,1420.01,1000,1420.01,U
sh600519,贵州茅台,10:54:28,1420.02,300,1420.01,U
sh600519,贵州茅台,10:54:31,1420.0,600,1420.02,D
sh600519,贵州茅台,10:54:34,1420.16,600,1420.0,U
sh600519,贵州茅台,10:54:36,1420.17,800,1420.16,U
sh600519,贵州茅台,10:54:40,1420.0,500,1420.17,D
sh600519,贵州茅台,10:54:46,1420.26,300,1420.16,U
sh600519,贵州茅台,10:54:58,1420.26,300,1420.26,U
sh600519,贵州茅台,10:55:01,1420.26,400,1420.26,U
sh600519,贵州茅台,10:55:07,1420.26,300,1420.28,D
sh600519,贵州茅台,10:55:10,1420.24,600,1420.26,D
sh600519,贵州茅台,10:55:13,1420.23,200,1420.24,U
sh600519,贵州茅台,10:55:16,1420.01,300,1420.23,D
sh600519,贵州茅台,10:55:19,1420.04,200,1420.01,U
sh600519,贵州茅台,10:55:25,1420.0,300,1420.04,D
sh600519,贵州茅台,10:55:28,1420.03,300,1420.0,U
sh600519,贵州茅台,10:55:31,1420.0,500,1420.03,D
sh600519,贵州茅台,10:55:34,1420.0,400,1420.0,D
sh600519,贵州茅台,10:55:36,1420.0,400,1420.0,D
sh600519,贵州茅台,10:55:40,1419.99,400,1420.0,D
sh600519,贵州茅台,10:55:43,1419.96,300,1419.99,D
sh600519,贵州茅台,10:55:45,1419.99,400,1419.96,U
sh600519,贵州茅台,10:55:49,1419.98,500,1419.99,E
sh600519,贵州茅台,10:55:52,1419.98,200,1419.98,U
sh600519,贵州茅台,10:55:58,1419.88,200,1419.97,D
sh600519,贵州茅台,10:56:00,1419.88,600,1419.88,D
sh600519,贵州茅台,10:56:04,1419.87,300,1419.88,U
sh600519,贵州茅台,10:56:06,1419.97,1300,1419.87,U
sh600519,贵州茅台,10:56:10,1419.89,600,1419.97,U
sh600519,贵州茅台,10:56:13,1420.02,200,1419.89,U
sh600519,贵州茅台,10:56:22,1419.89,900,1420.02,D
sh600519,贵州茅台,10:56:25,1419.87,800,1419.89,D
sh600519,贵州茅台,10:56:27,1419.87,500,1419.87,D
sh600519,贵州茅台,10:56:30,1420.02,200,1419.87,U
sh600519,贵州茅台,10:56:34,1419.99,200,1420.02,U
sh600519,贵州茅台,10:56:37,1419.99,900,1419.99,U
sh600519,贵州茅台,10:56:40,1420.04,500,1419.99,U
sh600519,贵州茅台,10:56:42,1420.12,300,1420.04,U
sh600519,贵州茅台,10:56:46,1420.1,200,1420.12,D
sh600519,贵州茅台,10:57:10,1420.01,700,1420.11,D
sh600519,贵州茅台,10:57:13,1420.08,1100,1420.01,U
sh600519,贵州茅台,10:57:16,1419.98,800,1420.08,D
sh600519,贵州茅台,10:57:19,1419.78,2700,1419.98,D
sh600519,贵州茅台,10:57:22,1419.96,1300,1419.78,U
sh600519,贵州茅台,10:57:25,1419.9,600,1419.96,E
sh600519,贵州茅台,10:57:28,1419.77,400,1419.9,D
sh600519,贵州茅台,10:57:30,1419.89,500,1419.77,E
sh600519,贵州茅台,10:57:40,1419.78,200,1419.78,U
sh600519,贵州茅台,10:57:43,1419.5,300,1419.78,D
sh600519,贵州茅台,10:57:51,1419.51,800,1419.78,E
sh600519,贵州茅台,10:57:54,1419.51,600,1419.51,D
sh600519,贵州茅台,10:57:58,1419.52,800,1419.51,E
sh600519,贵州茅台,10:58:01,1419.9,300,1419.52,U
sh600519,贵州茅台,10:58:04,1419.9,200,1419.9,D
sh600519,贵州茅台,10:58:07,1419.86,400,1419.9,D
sh600519,贵州茅台,10:58:10,1419.88,200,1419.86,D
sh600519,贵州茅台,10:58:13,1419.84,200,1419.88,D
sh600519,贵州茅台,10:58:16,1419.47,400,1419.84,D
sh600519,贵州茅台,10:58:28,1419.78,200,1419.52,U
sh600519,贵州茅台,10:58:31,1419.52,1000,1419.78,D
sh600519,贵州茅台,10:58:34,1419.52,400,1419.52,D
sh600519,贵州茅台,10:58:40,1419.51,300,1419.6,D
sh600519,贵州茅台,10:58:42,1419.33,500,1419.51,D
sh600519,贵州茅台,10:59:01,1419.35,300,1419.87,D
sh600519,贵州茅台,10:59:04,1419.33,800,1419.35,D
sh600519,贵州茅台,10:59:07,1419.35,700,1419.33,U
sh600519,贵州茅台,10:59:10,1419.37,300,1419.35,U
sh600519,贵州茅台,10:59:12,1419.28,200,1419.37,D
sh600519,贵州茅台,10:59:15,1419.28,200,1419.28,D
sh600519,贵州茅台,10:59:22,1419.22,600,1419.35,D
sh600519,贵州茅台,10:59:31,1419.77,200,1419.75,U
sh600519,贵州茅台,10:59:34,1419.25,400,1419.77,D
sh600519,贵州茅台,10:59:37,1419.87,200,1419.25,U
sh600519,贵州茅台,10:59:42,1419.51,300,1420.0,D
sh600519,贵州茅台,10:59:49,1419.49,200,1419.49,U
sh600519,贵州茅台,11:00:04,1419.99,300,1419.49,E
sh600519,贵州茅台,11:00:07,1419.2,400,1419.99,D
sh600519,贵州茅台,11:00:16,1419.02,400,1419.5,D
sh600519,贵州茅台,11:00:19,1419.01,500,1419.02,D
sh600519,贵州茅台,11:00:21,1419.01,200,1419.01,D
sh600519,贵州茅台,11:00:28,1419.02,400,1419.01,D
sh600519,贵州茅台,11:00:30,1419.5,200,1419.02,U
sh600519,贵州茅台,11:01:07,1419.11,400,1419.5,D
sh600519,贵州茅台,11:01:10,1419.08,200,1419.11,D
sh600519,贵州茅台,11:01:12,1419.11,200,1419.08,U
sh600519,贵州茅台,11:01:16,1419.05,200,1419.11,D
sh600519,贵州茅台,11:01:22,1419.04,300,1419.05,D
sh600519,贵州茅台,11:01:28,1419.04,700,1419.05,D
sh600519,贵州茅台,11:01:31,1419.04,300,1419.04,U
sh600519,贵州茅台,11:01:34,1419.04,600,1419.04,U
sh600519,贵州茅台,11:01:36,1419.04,300,1419.04,D
sh600519,贵州茅台,11:01:39,1419.03,200,1419.04,E
sh600519,贵州茅台,11:01:42,1419.02,200,1419.03,D
sh600519,贵州茅台,11:01:45,1419.1,700,1419.02,U
sh600519,贵州茅台,11:01:48,1419.1,300,1419.1,D
sh600519,贵州茅台,11:01:52,1419.05,600,1419.1,E
sh600519,贵州茅台,11:01:55,1419.04,200,1419.05,D
sh600519,贵州茅台,11:02:01,1419.05,400,1419.05,D
sh600519,贵州茅台,11:02:03,1419.07,300,1419.05,E
sh600519,贵州茅台,11:02:07,1419.09,300,1419.07,U
sh600519,贵州茅台,11:02:10,1419.02,1300,1419.09,D
sh600519,贵州茅台,11:02:16,1419.03,300,1419.15,D
sh600519,贵州茅台,11:02:18,1419.01,200,1419.03,D
sh600519,贵州茅台,11:02:22,1419.01,300,1419.01,D
sh600519,贵州茅台,11:02:28,1419.16,300,1419.01,U
sh600519,贵州茅台,11:02:30,1419.16,200,1419.16,U
sh600519,贵州茅台,11:02:37,1419.0,1300,1419.0,D
sh600519,贵州茅台,11:02:40,1419.0,500,1419.0,D
sh600519,贵州茅台,11:02:46,1419.01,200,1419.0,D
sh600519,贵州茅台,11:02:52,1419.02,200,1419.16,D
sh600519,贵州茅台,11:02:55,1419.01,300,1419.02,D
sh600519,贵州茅台,11:03:00,1419.15,200,1419.01,E
sh600519,贵州茅台,11:03:04,1419.02,2500,1419.15,E
sh600519,贵州茅台,11:03:07,1418.83,1400,1419.02,D
sh600519,贵州茅台,11:03:10,1418.71,700,1418.83,D
sh600519,贵州茅台,11:03:12,1418.5,700,1418.71,D
sh600519,贵州茅台,11:03:15,1418.5,400,1418.5,D
sh600519,贵州茅台,11:03:18,1418.5,200,1418.5,D
sh600519,贵州茅台,11:03:22,1418.45,200,1418.5,U
sh600519,贵州茅台,11:03:24,1418.2,400,1418.45,D
sh600519,贵州茅台,11:03:27,1418.18,900,1418.2,D
sh600519,贵州茅台,11:03:31,1418.15,800,1418.18,D
sh600519,贵州茅台,11:03:34,1418.11,700,1418.15,D
sh600519,贵州茅台,11:03:37,1418.08,2400,1418.11,D
sh600519,贵州茅台,11:03:39,1418.06,2100,1418.08,D
sh600519,贵州茅台,11:03:43,1418.05,1400,1418.06,U
sh600519,贵州茅台,11:03:46,1418.01,3000,1418.05,D
sh600519,贵州茅台,11:03:49,1418.01,1500,1418.01,D
sh600519,贵州茅台,11:03:51,1418.1,200,1418.01,U
sh600519,贵州茅台,11:03:55,1418.08,200,1418.1,U
sh600519,贵州茅台,11:03:58,1418.08,700,1418.08,U
sh600519,贵州茅台,11:04:01,1418.01,600,1418.08,D
sh600519,贵州茅台,11:04:04,1418.01,1300,1418.01,D
sh600519,贵州茅台,11:04:07,1418.06,700,1418.01,U
sh600519,贵州茅台,11:04:09,1418.03,200,1418.06,D
sh600519,贵州茅台,11:04:16,1418.76,1693,1418.77,U
sh600519,贵州茅台,11:04:19,1418.79,400,1418.76,U
sh600519,贵州茅台,11:04:28,1418.83,400,1418.79,U
sh600519,贵州茅台,11:04:33,1418.83,200,1418.83,D
sh600519,贵州茅台,11:04:37,1418.83,300,1418.83,D
sh600519,贵州茅台,11:04:40,1418.95,200,1418.83,E
sh600519,贵州茅台,11:05:01,1418.95,500,1418.95,U
sh600519,贵州茅台,11:05:04,1418.9,200,1418.95,D
sh600519,贵州茅台,11:05:07,1418.85,200,1418.9,U
sh600519,贵州茅台,11:05:16,1418.19,1200,1418.85,D
sh600519,贵州茅台,11:05:18,1418.18,200,1418.19,D
sh600519,贵州茅台,11:05:31,1418.83,200,1418.18,U
sh600519,贵州茅台,11:05:36,1418.18,600,1418.83,D
sh600519,贵州茅台,11:05:54,1418.18,700,1418.2,D
sh600519,贵州茅台,11:05:57,1418.15,1400,1418.18,D
sh600519,贵州茅台,11:06:01,1418.17,900,1418.15,U
sh600519,贵州茅台,11:06:12,1418.1,200,1418.17,D
sh600519,贵州茅台,11:06:19,1418.1,200,1418.16,E
sh600519,贵州茅台,11:06:21,1418.09,500,1418.1,D
sh600519,贵州茅台,11:06:28,1418.09,300,1418.1,D
sh600519,贵州茅台,11:06:31,1418.1,200,1418.09,U
sh600519,贵州茅台,11:06:33,1418.09,600,1418.1,D
sh600519,贵州茅台,11:06:36,1418.1,500,1418.09,U
sh600519,贵州茅台,11:06:40,1418.09,500,1418.1,D
sh600519,贵州茅台,11:06:43,1418.09,600,1418.09,D
sh600519,贵州茅台,11:06:52,1418.08,300,1418.08,D
sh600519,贵州茅台,11:06:58,1418.08,700,1418.09,D
sh600519,贵州茅台,11:07:00,1418.09,200,1418.08,U
sh600519,贵州茅台,11:07:07,1418.09,600,1418.09,U
sh600519,贵州茅台,11:07:10,1418.09,300,1418.09,U
sh600519,贵州茅台,11:07:18,1418.08,400,1418.09,D
sh600519,贵州茅台,11:07:24,1418.08,200,1418.08,D
sh600519,贵州茅台,11:07:31,1418.09,1200,1418.09,U
sh600519,贵州茅台,11:07:34,1418.09,300,1418.09,U
sh600519,贵州茅台,11:07:43,1418.09,200,1418.09,U
sh600519,贵州茅台,11:07:46,1418.09,200,1418.09,U
sh600519,贵州茅台,11:07:51,1418.09,200,1418.08,U
sh600519,贵州茅台,11:07:55,1418.09,600,1418.09,U
sh600519,贵州茅台,11:07:58,1418.08,400,1418.09,D
sh600519,贵州茅台,11:08:01,1418.1,200,1418.08,U
sh600519,贵州茅台,11:08:07,1418.09,300,1418.1,D
sh600519,贵州茅台,11:08:12,1418.09,500,1418.1,D
sh600519,贵州茅台,11:08:16,1418.1,500,1418.09,U
sh600519,贵州茅台,11:08:19,1418.09,300,1418.1,D
sh600519,贵州茅台,11:08:24,1418.1,200,1418.09,U
sh600519,贵州茅台,11:08:28,1418.1,300,1418.1,U
sh600519,贵州茅台,11:08:30,1418.09,200,1418.1,D
sh600519,贵州茅台,11:08:34,1418.08,400,1418.09,D
sh600519,贵州茅台,11:08:37,1418.09,200,1418.08,E
sh600519,贵州茅台,11:08:40,1418.08,400,1418.09,D
sh600519,贵州茅台,11:08:42,1418.08,200,1418.08,D
sh600519,贵州茅台,11:08:46,1418.08,500,1418.08,D
sh600519,贵州茅台,11:08:49,1418.09,300,1418.08,U
sh600519,贵州茅台,11:08:52,1418.09,200,1418.09,U
sh600519,贵州茅台,11:08:55,1418.08,1000,1418.09,D
sh600519,贵州茅台,11:08:58,1418.09,1000,1418.08,U
sh600519,贵州茅台,11:09:01,1418.09,200,1418.09,U
sh600519,贵州茅台,11:09:04,1418.09,900,1418.09,U
sh600519,贵州茅台,11:09:06,1418.08,400,1418.09,D
sh600519,贵州茅台,11:09:10,1418.1,400,1418.08,U
sh600519,贵州茅台,11:09:16,1418.09,200,1418.1,D
sh600519,贵州茅台,11:09:22,1418.11,1200,1418.11,U
sh600519,贵州茅台,11:09:25,1418.11,200,1418.11,E
sh600519,贵州茅台,11:09:30,1418.63,200,1418.83,E
sh600519,贵州茅台,11:09:34,1418.63,200,1418.63,U
sh600519,贵州茅台,11:09:43,1418.63,400,1418.63,U
sh600519,贵州茅台,11:09:58,1418.61,300,1418.17,U
sh600519,贵州茅台,11:10:10,1418.23,300,1418.59,D
sh600519,贵州茅台,11:10:12,1418.23,300,1418.23,D
sh600519,贵州茅台,11:10:19,1418.23,400,1418.23,E
sh600519,贵州茅台,11:10:22,1418.2,300,1418.23,D
sh600519,贵州茅台,11:10:25,1418.2,400,1418.2,D
sh600519,贵州茅台,11:10:28,1418.18,300,1418.2,D
sh600519,贵州茅台,11:10:31,1418.21,200,1418.18,E
sh600519,贵州茅台,11:10:40,1418.17,700,1418.2,D
sh600519,贵州茅台,11:10:43,1418.13,500,1418.17,D
sh600519,贵州茅台,11:10:46,1418.19,300,1418.13,U
sh600519,贵州茅台,11:10:49,1418.17,200,1418.19,E
sh600519,贵州茅台,11:10:52,1418.17,800,1418.17,E
sh600519,贵州茅台,11:10:54,1418.13,300,1418.17,U
sh600519,贵州茅台,11:10:57,1418.1,300,1418.13,D
sh600519,贵州茅台,11:11:00,1418.12,400,1418.1,U
sh600519,贵州茅台,11:11:07,1418.11,500,1418.12,E
sh600519,贵州茅台,11:11:10,1418.1,700,1418.11,D
sh600519,贵州茅台,11:11:13,1418.08,800,1418.1,D
sh600519,贵州茅台,11:11:15,1418.08,1400,1418.08,D
sh600519,贵州茅台,11:11:19,1418.08,800,1418.08,D
sh600519,贵州茅台,11:11:21,1418.01,1400,1418.08,D
sh600519,贵州茅台,11:11:25,1418.01,600,1418.01,D
sh600519,贵州茅台,11:11:27,1418.01,400,1418.01,D
sh600519,贵州茅台,11:11:30,1418.01,400,1418.01,D
sh600519,贵州茅台,11:11:34,1418.01,400,1418.01,D
sh600519,贵州茅台,11:11:40,1418.0,2900,1418.01,D
sh600519,贵州茅台,11:11:43,1417.77,28007,1418.0,D
sh600519,贵州茅台,11:11:45,1417.5,3000,1417.77,D
sh600519,贵州茅台,11:11:49,1417.0,7893,1417.5,D
sh600519,贵州茅台,11:11:52,1416.71,1107,1417.0,D
sh600519,贵州茅台,11:11:54,1416.61,700,1416.71,D
sh600519,贵州茅台,11:11:57,1416.53,500,1416.61,D
sh600519,贵州茅台,11:12:00,1416.45,300,1416.53,D
sh600519,贵州茅台,11:12:04,1416.41,200,1416.45,D
sh600519,贵州茅台,11:12:07,1416.34,600,1416.41,D
sh600519,贵州茅台,11:12:09,1416.02,1800,1416.34,D
sh600519,贵州茅台,11:12:13,1416.0,3200,1416.02,D
sh600519,贵州茅台,11:12:15,1416.03,200,1416.0,E
sh600519,贵州茅台,11:12:19,1416.01,800,1416.03,E
sh600519,贵州茅台,11:12:21,1416.01,500,1416.01,D
sh600519,贵州茅台,11:12:25,1416.13,200,1416.01,D
sh600519,贵州茅台,11:12:27,1416.01,200,1416.13,D
sh600519,贵州茅台,11:12:31,1416.01,800,1416.01,D
sh600519,贵州茅台,11:12:34,1416.01,500,1416.01,U
sh600519,贵州茅台,11:12:36,1416.0,6200,1416.01,D
sh600519,贵州茅台,11:12:40,1416.01,900,1416.0,E
sh600519,贵州茅台,11:12:46,1415.95,600,1416.0,U
sh600519,贵州茅台,11:12:51,1416.0,900,1415.95,D
sh600519,贵州茅台,11:12:55,1415.99,200,1416.0,U
sh600519,贵州茅台,11:12:57,1416.0,200,1415.99,U
sh600519,贵州茅台,11:13:00,1415.99,600,1416.0,E
sh600519,贵州茅台,11:13:04,1416.1,300,1415.99,U
sh600519,贵州茅台,11:13:07,1416.58,3400,1416.1,U
sh600519,贵州茅台,11:13:19,1416.58,400,1417.55,D
sh600519,贵州茅台,11:13:22,1416.58,500,1416.58,E
sh600519,贵州茅台,11:13:24,1416.25,400,1416.58,D
sh600519,贵州茅台,11:13:27,1416.65,300,1416.25,U
sh600519,贵州茅台,11:13:30,1416.63,300,1416.65,U
sh600519,贵州茅台,11:13:34,1416.62,600,1416.63,E
sh600519,贵州茅台,11:13:40,1416.59,300,1416.15,E
sh600519,贵州茅台,11:13:42,1416.11,300,1416.59,E
sh600519,贵州茅台,11:13:49,1416.57,200,1416.11,E
sh600519,贵州茅台,11:14:01,1416.53,400,1416.55,E
sh600519,贵州茅台,11:14:04,1416.53,200,1416.53,U
sh600519,贵州茅台,11:14:07,1416.52,400,1416.53,E
sh600519,贵州茅台,11:14:09,1416.51,200,1416.52,E
sh600519,贵州茅台,11:14:13,1416.14,700,1416.51,D
sh600519,贵州茅台,11:14:16,1416.14,700,1416.14,D
sh600519,贵州茅台,11:14:22,1416.13,600,1416.14,D
sh600519,贵州茅台,11:14:24,1416.12,200,1416.13,D
sh600519,贵州茅台,11:14:28,1416.12,600,1416.12,D
sh600519,贵州茅台,11:14:31,1416.12,300,1416.12,D
sh600519,贵州茅台,11:14:34,1416.12,700,1416.12,U
sh600519,贵州茅台,11:14:37,1416.12,300,1416.12,U
sh600519,贵州茅台,11:14:40,1416.1,1100,1416.12,D
sh600519,贵州茅台,11:14:42,1416.11,200,1416.1,U
sh600519,贵州茅台,11:14:46,1416.1,200,1416.11,D
sh600519,贵州茅台,11:14:48,1416.11,200,1416.1,U
sh600519,贵州茅台,11:14:52,1416.1,2100,1416.11,D
sh600519,贵州茅台,11:14:58,1416.13,300,1416.1,U
sh600519,贵州茅台,11:15:34,1416.24,200,1416.47,D
sh600519,贵州茅台,11:15:45,1416.26,300,1416.24,D
sh600519,贵州茅台,11:15:51,1416.26,400,1416.26,D
sh600519,贵州茅台,11:15:55,1416.26,200,1416.26,U
sh600519,贵州茅台,11:15:57,1416.26,300,1416.26,U
sh600519,贵州茅台,11:16:01,1416.26,300,1416.26,U
sh600519,贵州茅台,11:16:04,1416.26,500,1416.26,U
sh600519,贵州茅台,11:16:12,1416.2,200,1416.21,D
sh600519,贵州茅台,11:16:16,1416.2,500,1416.2,D
sh600519,贵州茅台,11:16:19,1416.24,300,1416.2,U
sh600519,贵州茅台,11:16:22,1416.21,300,1416.24,E
sh600519,贵州茅台,11:16:31,1416.46,200,1416.24,U
sh600519,贵州茅台,11:16:40,1416.44,200,1416.46,U
sh600519,贵州茅台,11:16:45,1416.22,400,1416.44,D
sh600519,贵州茅台,11:16:49,1416.22,300,1416.22,D
sh600519,贵州茅台,11:16:52,1416.18,700,1416.22,D
sh600519,贵州茅台,11:16:55,1416.21,300,1416.18,U
sh600519,贵州茅台,11:17:01,1416.21,500,1416.18,U
sh600519,贵州茅台,11:17:07,1416.44,6200,1416.21,U
sh600519,贵州茅台,11:17:10,1416.23,600,1416.44,E
sh600519,贵州茅台,11:17:13,1416.23,803,1416.23,E
sh600519,贵州茅台,11:17:16,1416.22,200,1416.23,E
sh600519,贵州茅台,11:17:24,1416.2,1600,1416.22,D
sh600519,贵州茅台,11:17:28,1416.21,900,1416.2,E
sh600519,贵州茅台,11:17:30,1416.2,400,1416.21,E
sh600519,贵州茅台,11:17:34,1416.18,500,1416.2,D
sh600519,贵州茅台,11:17:37,1416.19,200,1416.18,E
sh600519,贵州茅台,11:17:40,1416.18,300,1416.19,D
sh600519,贵州茅台,11:17:43,1416.17,697,1416.18,D
sh600519,贵州茅台,11:17:45,1416.16,300,1416.17,D
sh600519,贵州茅台,11:17:51,1416.12,200,1416.16,D
sh600519,贵州茅台,11:17:54,1416.11,300,1416.12,D
sh600519,贵州茅台,11:17:57,1417.55,1703,1416.11,U
sh600519,贵州茅台,11:18:01,1417.53,700,1417.55,D
sh600519,贵州茅台,11:18:16,1417.42,200,1417.53,E
sh600519,贵州茅台,11:18:28,1416.98,200,1416.98,D
sh600519,贵州茅台,11:18:31,1417.51,200,1416.98,U
sh600519,贵州茅台,11:18:34,1416.99,800,1417.51,D
sh600519,贵州茅台,11:18:52,1417.0,200,1417.5,D
sh600519,贵州茅台,11:18:57,1417.53,300,1417.0,U
sh600519,贵州茅台,11:19:01,1417.5,200,1417.53,D
sh600519,贵州茅台,11:19:04,1417.53,500,1417.5,U
sh600519,贵州茅台,11:19:09,1417.55,300,1417.01,U
sh600519,贵州茅台,11:19:30,1418.0,500,1418.0,U
sh600519,贵州茅台,11:19:34,1417.55,500,1418.0,E
sh600519,贵州茅台,11:19:58,1417.58,500,1418.0,E
sh600519,贵州茅台,11:20:07,1417.99,500,1418.0,E
sh600519,贵州茅台,11:20:19,1417.99,300,1417.98,U
sh600519,贵州茅台,11:20:27,1417.61,200,1417.99,D
sh600519,贵州茅台,11:20:31,1417.99,400,1417.61,U
sh600519,贵州茅台,11:20:34,1417.65,300,1417.99,D
sh600519,贵州茅台,11:20:40,1417.66,200,1417.65,D
sh600519,贵州茅台,11:21:10,1417.69,200,1417.7,D
sh600519,贵州茅台,11:21:25,1417.68,400,1417.7,D
sh600519,贵州茅台,11:21:31,1417.69,300,1417.68,U
sh600519,贵州茅台,11:21:46,1417.67,400,1417.69,D
sh600519,贵州茅台,11:21:58,1417.68,300,1417.67,U
sh600519,贵州茅台,11:22:07,1417.61,1500,1417.68,D
sh600519,贵州茅台,11:22:16,1417.68,300,1417.6,D
sh600519,贵州茅台,11:22:19,1417.91,200,1417.68,U
sh600519,贵州茅台,11:22:28,1417.69,600,1417.91,D
sh600519,贵州茅台,11:22:31,1417.67,300,1417.69,D
sh600519,贵州茅台,11:22:37,1417.58,900,1417.8,D
sh600519,贵州茅台,11:22:43,1417.58,500,1417.58,D
sh600519,贵州茅台,11:22:51,1417.59,200,1417.58,D
sh600519,贵州茅台,11:23:07,1417.6,400,1417.6,U
sh600519,贵州茅台,11:23:12,1417.6,300,1417.6,U
sh600519,贵州茅台,11:23:19,1417.6,300,1417.6,U
sh600519,贵州茅台,11:23:22,1417.6,200,1417.6,U
sh600519,贵州茅台,11:23:42,1417.62,200,1417.89,D
sh600519,贵州茅台,11:23:49,1417.92,400,1417.62,U
sh600519,贵州茅台,11:23:52,1417.95,200,1417.92,D
sh600519,贵州茅台,11:23:55,1417.97,200,1417.95,U
sh600519,贵州茅台,11:23:58,1417.97,200,1417.97,U
sh600519,贵州茅台,11:24:01,1417.97,300,1417.97,U
sh600519,贵州茅台,11:24:15,1417.95,300,1417.96,D
sh600519,贵州茅台,11:24:19,1417.97,500,1417.95,U
sh600519,贵州茅台,11:24:21,1417.93,500,1417.97,D
sh600519,贵州茅台,11:24:28,1417.97,200,1417.63,E
sh600519,贵州茅台,11:24:31,1417.97,200,1417.97,D
sh600519,贵州茅台,11:24:34,1417.98,400,1417.97,U
sh600519,贵州茅台,11:24:49,1417.98,600,1417.98,U
sh600519,贵州茅台,11:25:01,1417.93,400,1417.98,U
sh600519,贵州茅台,11:25:04,1417.91,200,1417.93,D
sh600519,贵州茅台,11:25:07,1417.7,200,1417.91,D
sh600519,贵州茅台,11:25:10,1417.7,300,1417.7,D
sh600519,贵州茅台,11:25:13,1417.85,400,1417.7,E
sh600519,贵州茅台,11:25:16,1417.7,200,1417.85,E
sh600519,贵州茅台,11:25:19,1417.6,400,1417.7,D
sh600519,贵州茅台,11:25:22,1417.86,300,1417.6,U
sh600519,贵州茅台,11:25:43,1417.66,1293,1417.66,D
sh600519,贵州茅台,11:25:52,1417.79,400,1417.79,U
sh600519,贵州茅台,11:25:57,1417.79,200,1417.8,D
sh600519,贵州茅台,11:26:01,1417.8,300,1417.79,U
sh600519,贵州茅台,11:26:13,1417.86,200,1417.8,U
sh600519,贵州茅台,11:26:31,1417.9,300,1417.86,U
sh600519,贵州茅台,11:26:34,1417.86,300,1417.9,D
sh600519,贵州茅台,11:26:37,1417.9,500,1417.86,U
sh600519,贵州茅台,11:26:46,1417.9,200,1417.9,D
sh600519,贵州茅台,11:26:49,1417.9,200,1417.9,D
sh600519,贵州茅台,11:26:52,1417.94,400,1417.9,U
sh600519,贵州茅台,11:27:03,1417.94,200,1417.94,D
sh600519,贵州茅台,11:27:07,1417.94,200,1417.94,U
sh600519,贵州茅台,11:27:10,1417.94,200,1417.94,U
sh600519,贵州茅台,11:27:13,1418.04,700,1417.94,U
sh600519,贵州茅台,11:27:31,1418.1,600,1418.09,U
sh600519,贵州茅台,11:27:34,1418.1,200,1418.1,U
sh600519,贵州茅台,11:27:37,1418.1,200,1418.1,U
sh600519,贵州茅台,11:27:40,1418.11,200,1418.1,U
sh600519,贵州茅台,11:27:58,1418.1,200,1418.11,D
sh600519,贵州茅台,11:28:00,1418.12,200,1418.1,U
sh600519,贵州茅台,11:28:07,1418.11,400,1418.12,U
sh600519,贵州茅台,11:28:10,1418.1,200,1418.11,D
sh600519,贵州茅台,11:28:13,1418.1,200,1418.1,D
sh600519,贵州茅台,11:28:16,1418.11,200,1418.1,D
sh600519,贵州茅台,11:28:19,1418.11,300,1418.11,D
sh600519,贵州茅台,11:28:28,1418.11,300,1418.11,U
sh600519,贵州茅台,11:28:31,1418.11,500,1418.11,U
sh600519,贵州茅台,11:28:33,1418.11,500,1418.11,U
sh600519,贵州茅台,11:28:37,1418.1,500,1418.11,D
sh600519,贵州茅台,11:28:40,1418.1,700,1418.1,D
sh600519,贵州茅台,11:28:52,1418.22,400,1418.1,U
sh600519,贵州茅台,11:28:58,1418.5,200,1418.22,U
sh600519,贵州茅台,11:29:01,1418.52,400,1418.5,U
sh600519,贵州茅台,11:29:03,1418.14,300,1418.52,E
sh600519,贵州茅台,11:29:10,1418.11,200,1418.12,D
sh600519,贵州茅台,11:29:13,1418.52,1000,1418.11,U
sh600519,贵州茅台,11:29:18,1418.14,300,1418.52,E
sh600519,贵州茅台,11:29:28,1418.53,200,1418.12,U
sh600519,贵州茅台,11:29:31,1418.11,529,1418.53,D
sh600519,贵州茅台,11:29:40,1418.83,300,1418.52,U
sh600519,贵州茅台,11:29:46,1418.53,200,1418.84,D
sh600519,贵州茅台,13:00:00,1418.53,400,1419.0,D
sh600519,贵州茅台,13:00:03,1419.0,1830,1418.53,E
sh600519,贵州茅台,13:00:06,1419.0,1800,1419.0,D
sh600519,贵州茅台,13:00:10,1419.5,2800,1419.0,E
sh600519,贵州茅台,13:00:13,1419.0,4000,1419.5,D
sh600519,贵州茅台,13:00:16,1418.88,3200,1419.0,D
sh600519,贵州茅台,13:00:19,1418.23,2500,1418.88,D
sh600519,贵州茅台,13:00:22,1418.0,3971,1418.23,D
sh600519,贵州茅台,13:00:25,1417.59,1407,1418.0,D
sh600519,贵州茅台,13:00:28,1417.58,500,1417.59,D
sh600519,贵州茅台,13:00:31,1417.55,200,1417.58,D
sh600519,贵州茅台,13:00:34,1417.16,900,1417.55,D
sh600519,贵州茅台,13:00:37,1417.0,1500,1417.16,D
sh600519,贵州茅台,13:00:40,1417.0,300,1417.0,D
sh600519,贵州茅台,13:00:43,1417.0,200,1417.0,D
sh600519,贵州茅台,13:00:46,1417.01,200,1417.0,U
sh600519,贵州茅台,13:00:49,1417.01,400,1417.01,U
sh600519,贵州茅台,13:00:52,1416.98,400,1417.01,D
sh600519,贵州茅台,13:00:58,1417.0,300,1417.0,U
sh600519,贵州茅台,13:01:01,1417.01,300,1417.0,U
sh600519,贵州茅台,13:01:04,1416.98,200,1417.01,D
sh600519,贵州茅台,13:01:07,1416.8,900,1416.98,D
sh600519,贵州茅台,13:01:16,1416.5,300,1416.8,D
sh600519,贵州茅台,13:01:22,1416.5,400,1416.5,D
sh600519,贵州茅台,13:01:25,1416.5,200,1416.5,D
sh600519,贵州茅台,13:01:28,1416.5,400,1416.5,U
sh600519,贵州茅台,13:01:31,1416.38,500,1416.5,D
sh600519,贵州茅台,13:01:37,1416.24,300,1416.38,D
sh600519,贵州茅台,13:01:42,1416.22,300,1416.22,U
sh600519,贵州茅台,13:01:46,1416.22,200,1416.22,U
sh600519,贵州茅台,13:01:49,1416.22,300,1416.22,D
sh600519,贵州茅台,13:01:52,1416.44,200,1416.22,U
sh600519,贵州茅台,13:01:55,1416.44,500,1416.44,D
sh600519,贵州茅台,13:01:58,1416.44,200,1416.44,U
sh600519,贵州茅台,13:02:10,1416.35,600,1416.35,U
sh600519,贵州茅台,13:02:13,1416.35,200,1416.35,D
sh600519,贵州茅台,13:02:15,1416.44,400,1416.35,U
sh600519,贵州茅台,13:02:19,1416.5,500,1416.44,U
sh600519,贵州茅台,13:02:22,1416.5,500,1416.5,U
sh600519,贵州茅台,13:02:25,1416.72,300,1416.5,U
sh600519,贵州茅台,13:02:28,1416.5,200,1416.72,D
sh600519,贵州茅台,13:02:34,1416.74,500,1416.74,U
sh600519,贵州茅台,13:02:40,1416.74,300,1416.5,U
sh600519,贵州茅台,13:02:43,1416.66,200,1416.74,U
sh600519,贵州茅台,13:02:46,1416.5,200,1416.66,D
sh600519,贵州茅台,13:02:52,1416.5,500,1416.5,D
sh600519,贵州茅台,13:03:19,1416.66,200,1416.69,U
sh600519,贵州茅台,13:03:25,1416.68,300,1416.66,E
sh600519,贵州茅台,13:03:28,1416.66,300,1416.68,D
sh600519,贵州茅台,13:03:42,1416.69,400,1416.69,D
sh600519,贵州茅台,13:03:46,1416.68,200,1416.69,U
sh600519,贵州茅台,13:03:49,1416.66,600,1416.68,D
sh600519,贵州茅台,13:03:55,1416.68,300,1416.66,U
sh600519,贵州茅台,13:03:57,1416.7,400,1416.68,U
sh600519,贵州茅台,13:04:04,1416.77,1000,1416.7,U
sh600519,贵州茅台,13:04:06,1417.01,400,1416.77,U
sh600519,贵州茅台,13:04:13,1417.01,200,1417.01,U
sh600519,贵州茅台,13:04:16,1417.02,200,1417.01,E
sh600519,贵州茅台,13:04:28,1417.58,400,1417.02,U
sh600519,贵州茅台,13:04:40,1417.89,300,1417.89,U
sh600519,贵州茅台,13:05:01,1417.99,300,1417.89,U
sh600519,贵州茅台,13:05:04,1418.5,600,1417.99,U
sh600519,贵州茅台,13:05:06,1418.13,200,1418.5,U
sh600519,贵州茅台,13:05:10,1418.0,200,1418.13,E
sh600519,贵州茅台,13:05:13,1418.53,200,1418.0,U
sh600519,贵州茅台,13:05:16,1418.0,200,1418.53,D
sh600519,贵州茅台,13:05:25,1418.0,200,1418.53,D
sh600519,贵州茅台,13:05:31,1418.01,300,1418.0,D
sh600519,贵州茅台,13:05:40,1418.0,200,1418.43,D
sh600519,贵州茅台,13:05:43,1418.05,400,1418.0,E
sh600519,贵州茅台,13:05:45,1418.46,500,1418.05,U
sh600519,贵州茅台,13:05:52,1418.43,200,1418.46,E
sh600519,贵州茅台,13:05:58,1418.53,600,1418.43,U
sh600519,贵州茅台,13:06:01,1418.46,500,1418.53,D
sh600519,贵州茅台,13:06:04,1418.05,1100,1418.46,D
sh600519,贵州茅台,13:06:06,1417.99,800,1418.05,D
sh600519,贵州茅台,13:06:10,1417.99,200,1417.99,E
sh600519,贵州茅台,13:06:13,1417.93,300,1417.99,D
sh600519,贵州茅台,13:06:21,1417.91,600,1417.9,E
sh600519,贵州茅台,13:06:31,1417.66,200,1417.73,D
sh600519,贵州茅台,13:06:40,1417.66,200,1417.63,U
sh600519,贵州茅台,13:06:49,1417.6,200,1417.63,D
sh600519,贵州茅台,13:06:52,1417.58,300,1417.6,D
sh600519,贵州茅台,13:07:06,1417.53,600,1417.55,D
sh600519,贵州茅台,13:07:10,1417.6,400,1417.53,U
sh600519,贵州茅台,13:07:16,1417.6,400,1417.6,U
sh600519,贵州茅台,13:07:18,1417.6,400,1417.6,U
sh600519,贵州茅台,13:07:25,1417.66,200,1417.66,U
sh600519,贵州茅台,13:07:28,1417.6,500,1417.66,D
sh600519,贵州茅台,13:07:31,1417.6,300,1417.6,D
sh600519,贵州茅台,13:07:34,1417.6,300,1417.6,D
sh600519,贵州茅台,13:07:37,1417.65,500,1417.6,U
sh600519,贵州茅台,13:07:46,1417.64,200,1417.65,U
sh600519,贵州茅台,13:07:49,1417.64,200,1417.64,U
sh600519,贵州茅台,13:07:55,1417.6,600,1417.64,D
sh600519,贵州茅台,13:07:58,1417.65,400,1417.6,U
sh600519,贵州茅台,13:08:04,1417.6,300,1417.62,D
sh600519,贵州茅台,13:08:07,1417.62,300,1417.6,U
sh600519,贵州茅台,13:08:10,1417.6,200,1417.62,D
sh600519,贵州茅台,13:08:13,1417.5,900,1417.6,D
sh600519,贵州茅台,13:08:16,1417.02,300,1417.5,D
sh600519,贵州茅台,13:08:19,1417.01,300,1417.02,D
sh600519,贵州茅台,13:08:22,1417.01,300,1417.01,D
sh600519,贵州茅台,13:08:25,1417.01,500,1417.01,D
sh600519,贵州茅台,13:08:28,1417.0,200,1417.01,D
sh600519,贵州茅台,13:08:40,1417.01,300,1417.01,U
sh600519,贵州茅台,13:08:43,1417.0,400,1417.01,D
sh600519,贵州茅台,13:08:46,1417.0,300,1417.0,D
sh600519,贵州茅台,13:08:49,1417.01,1600,1417.0,U
sh600519,贵州茅台,13:08:52,1417.0,400,1417.01,D
sh600519,贵州茅台,13:08:55,1417.0,800,1417.0,E
sh600519,贵州茅台,13:08:58,1416.99,300,1417.0,D
sh600519,贵州茅台,13:09:04,1417.0,300,1417.0,U
sh600519,贵州茅台,13:09:07,1417.0,1000,1417.0,U
sh600519,贵州茅台,13:09:10,1417.01,700,1417.0,U
sh600519,贵州茅台,13:09:13,1417.02,200,1417.01,U
sh600519,贵州茅台,13:09:19,1417.0,400,1417.0,D
sh600519,贵州茅台,13:09:22,1417.02,200,1417.0,U
sh600519,贵州茅台,13:09:34,1417.47,300,1417.02,U
sh600519,贵州茅台,13:09:37,1417.03,300,1417.47,D
sh600519,贵州茅台,13:09:40,1417.47,200,1417.03,U
sh600519,贵州茅台,13:09:46,1417.47,700,1417.47,D
sh600519,贵州茅台,13:09:55,1417.48,800,1417.49,D
sh600519,贵州茅台,13:09:58,1417.47,300,1417.48,D
sh600519,贵州茅台,13:10:00,1417.49,300,1417.47,U
sh600519,贵州茅台,13:10:03,1417.59,400,1417.49,U
sh600519,贵州茅台,13:10:09,1417.49,300,1417.49,D
sh600519,贵州茅台,13:10:16,1417.49,500,1417.56,D
sh600519,贵州茅台,13:10:19,1417.06,800,1417.49,D
sh600519,贵州茅台,13:10:22,1417.05,200,1417.06,D
sh600519,贵州茅台,13:10:25,1417.04,300,1417.05,D
sh600519,贵州茅台,13:10:27,1417.03,200,1417.04,D
sh600519,贵州茅台,13:10:37,1417.04,500,1417.04,U
sh600519,贵州茅台,13:10:46,1417.04,300,1417.03,D
sh600519,贵州茅台,13:10:55,1417.28,900,1417.04,U
sh600519,贵州茅台,13:10:58,1417.06,200,1417.28,E
sh600519,贵州茅台,13:11:01,1417.04,1300,1417.06,D
sh600519,贵州茅台,13:11:04,1417.02,1400,1417.04,D
sh600519,贵州茅台,13:11:07,1417.03,1200,1417.02,U
sh600519,贵州茅台,13:11:10,1417.04,1300,1417.03,U
sh600519,贵州茅台,13:11:13,1417.04,300,1417.04,U
sh600519,贵州茅台,13:11:16,1417.04,400,1417.04,U
sh600519,贵州茅台,13:11:18,1417.05,500,1417.04,E
sh600519,贵州茅台,13:11:22,1417.1,300,1417.05,D
sh600519,贵州茅台,13:11:28,1417.0,600,1417.1,D
sh600519,贵州茅台,13:11:33,1417.16,1300,1417.15,U
sh600519,贵州茅台,13:11:36,1417.01,800,1417.16,D
sh600519,贵州茅台,13:11:40,1417.01,300,1417.01,D
sh600519,贵州茅台,13:11:52,1417.01,400,1417.01,D
sh600519,贵州茅台,13:11:54,1417.02,400,1417.01,E
sh600519,贵州茅台,13:12:01,1417.01,600,1417.01,D
sh600519,贵州茅台,13:12:07,1417.13,200,1417.13,U
sh600519,贵州茅台,13:12:10,1417.13,400,1417.13,U
sh600519,贵州茅台,13:12:19,1417.01,300,1417.02,D
sh600519,贵州茅台,13:12:22,1417.02,200,1417.01,U
sh600519,贵州茅台,13:12:25,1417.03,500,1417.02,E
sh600519,贵州茅台,13:12:31,1417.14,300,1417.02,U
sh600519,贵州茅台,13:12:34,1417.05,200,1417.14,D
sh600519,贵州茅台,13:12:45,1417.06,300,1417.14,E
sh600519,贵州茅台,13:12:48,1417.14,200,1417.06,U
sh600519,贵州茅台,13:12:54,1417.16,400,1417.04,U
sh600519,贵州茅台,13:12:58,1417.05,400,1417.16,E
sh600519,贵州茅台,13:13:01,1417.1,400,1417.05,U
sh600519,贵州茅台,13:13:03,1417.14,400,1417.1,E
sh600519,贵州茅台,13:13:10,1417.01,600,1417.03,D
sh600519,贵州茅台,13:13:13,1417.01,300,1417.01,D
sh600519,贵州茅台,13:13:16,1417.03,1500,1417.01,U
sh600519,贵州茅台,13:13:19,1417.02,200,1417.03,D
sh600519,贵州茅台,13:13:22,1417.02,500,1417.02,E
sh600519,贵州茅台,13:13:24,1417.02,500,1417.02,U
sh600519,贵州茅台,13:13:28,1417.02,200,1417.02,D
sh600519,贵州茅台,13:13:30,1417.01,600,1417.02,E
sh600519,贵州茅台,13:13:34,1417.0,1200,1417.01,D
sh600519,贵州茅台,13:13:37,1417.01,200,1417.0,E
sh600519,贵州茅台,13:13:40,1417.03,200,1417.01,U
sh600519,贵州茅台,13:13:46,1417.03,400,1417.03,U
sh600519,贵州茅台,13:14:01,1417.06,1200,1417.06,D
sh600519,贵州茅台,13:14:10,1417.1,300,1417.1,U
sh600519,贵州茅台,13:14:16,1417.1,300,1417.08,U
sh600519,贵州茅台,13:14:22,1417.09,400,1417.1,D
sh600519,贵州茅台,13:14:31,1417.13,300,1417.09,E
sh600519,贵州茅台,13:14:34,1417.1,300,1417.13,D
sh600519,贵州茅台,13:14:36,1417.08,400,1417.1,D
sh600519,贵州茅台,13:14:40,1417.06,800,1417.08,D
sh600519,贵州茅台,13:14:43,1417.09,400,1417.06,U
sh600519,贵州茅台,13:14:49,1417.27,1200,1417.14,U
sh600519,贵州茅台,13:14:52,1417.27,300,1417.27,D
sh600519,贵州茅台,13:14:55,1417.48,500,1417.27,U
sh600519,贵州茅台,13:14:58,1417.28,200,1417.48,D
sh600519,贵州茅台,13:15:01,1417.34,200,1417.28,E
sh600519,贵州茅台,13:15:04,1417.29,300,1417.34,E
sh600519,贵州茅台,13:15:06,1417.29,500,1417.29,E
sh600519,贵州茅台,13:15:09,1417.29,200,1417.29,D
sh600519,贵州茅台,13:15:13,1417.28,600,1417.29,D
sh600519,贵州茅台,13:15:16,1417.27,900,1417.28,D
sh600519,贵州茅台,13:15:18,1417.31,1100,1417.27,U
sh600519,贵州茅台,13:15:22,1417.27,1100,1417.31,D
sh600519,贵州茅台,13:15:25,1417.27,1600,1417.27,D
sh600519,贵州茅台,13:15:27,1417.1,400,1417.27,D
sh600519,贵州茅台,13:15:31,1417.14,300,1417.1,D
sh600519,贵州茅台,13:15:33,1417.09,400,1417.14,D
sh600519,贵州茅台,13:15:40,1417.06,700,1417.1,D
sh600519,贵州茅台,13:15:43,1417.1,1200,1417.06,U
sh600519,贵州茅台,13:15:46,1417.1,200,1417.1,U
sh600519,贵州茅台,13:15:52,1417.06,200,1417.1,D
sh600519,贵州茅台,13:15:57,1417.2,300,1417.2,U
sh600519,贵州茅台,13:16:01,1417.08,700,1417.2,E
sh600519,贵州茅台,13:16:04,1417.08,200,1417.08,U
sh600519,贵州茅台,13:16:07,1417.2,800,1417.08,U
sh600519,贵州茅台,13:16:10,1417.21,700,1417.2,U
sh600519,贵州茅台,13:16:12,1417.21,200,1417.21,D
sh600519,贵州茅台,13:16:25,1417.1,300,1417.21,D
sh600519,贵州茅台,13:16:28,1417.17,800,1417.1,U
sh600519,贵州茅台,13:16:31,1417.1,400,1417.17,E
sh600519,贵州茅台,13:16:37,1417.2,1200,1417.19,U
sh600519,贵州茅台,13:16:40,1417.21,1300,1417.2,U
sh600519,贵州茅台,13:16:42,1417.19,500,1417.21,D
sh600519,贵州茅台,13:16:46,1417.16,200,1417.19,D
sh600519,贵州茅台,13:16:49,1417.34,2100,1417.16,U
sh600519,贵州茅台,13:16:52,1417.11,1600,1417.34,D
sh600519,贵州茅台,13:16:55,1417.1,600,1417.11,D
sh600519,贵州茅台,13:16:57,1417.08,500,1417.1,D
sh600519,贵州茅台,13:17:01,1417.06,300,1417.08,D
sh600519,贵州茅台,13:17:04,1417.07,200,1417.06,U
sh600519,贵州茅台,13:17:07,1417.03,500,1417.07,D
sh600519,贵州茅台,13:17:10,1417.03,200,1417.03,D
sh600519,贵州茅台,13:17:13,1417.03,900,1417.03,D
sh600519,贵州茅台,13:17:22,1417.11,1500,1417.07,U
sh600519,贵州茅台,13:17:25,1417.02,300,1417.11,D
sh600519,贵州茅台,13:17:28,1417.07,300,1417.02,D
sh600519,贵州茅台,13:17:31,1417.1,200,1417.07,E
sh600519,贵州茅台,13:17:34,1417.07,200,1417.1,D
sh600519,贵州茅台,13:17:37,1417.04,200,1417.07,D
sh600519,贵州茅台,13:17:39,1417.03,800,1417.04,D
sh600519,贵州茅台,13:17:43,1417.02,700,1417.03,D
sh600519,贵州茅台,13:17:46,1417.04,700,1417.02,E
sh600519,贵州茅台,13:17:52,1417.15,1000,1417.03,U
sh600519,贵州茅台,13:17:55,1417.02,400,1417.15,D
sh600519,贵州茅台,13:17:58,1417.02,200,1417.02,D
sh600519,贵州茅台,13:18:01,1417.03,1200,1417.02,U
sh600519,贵州茅台,13:18:04,1417.03,200,1417.03,D
sh600519,贵州茅台,13:18:07,1417.03,400,1417.03,D
sh600519,贵州茅台,13:18:10,1417.03,300,1417.03,D
sh600519,贵州茅台,13:18:13,1417.03,200,1417.03,D
sh600519,贵州茅台,13:18:16,1417.09,400,1417.03,E
sh600519,贵州茅台,13:18:22,1417.02,800,1417.08,D
sh600519,贵州茅台,13:18:31,1417.02,1000,1417.03,D
sh600519,贵州茅台,13:18:34,1417.01,900,1417.02,D
sh600519,贵州茅台,13:18:37,1417.03,400,1417.01,U
sh600519,贵州茅台,13:18:40,1417.03,300,1417.03,U
sh600519,贵州茅台,13:18:43,1417.02,900,1417.03,D
sh600519,贵州茅台,13:18:45,1417.02,200,1417.02,D
sh600519,贵州茅台,13:18:49,1417.03,200,1417.02,U
sh600519,贵州茅台,13:18:52,1417.01,800,1417.03,D
sh600519,贵州茅台,13:18:55,1417.02,600,1417.01,E
sh600519,贵州茅台,13:19:00,1417.03,1200,1417.02,D
sh600519,贵州茅台,13:19:04,1417.06,200,1417.03,E
sh600519,贵州茅台,13:19:07,1417.06,400,1417.06,U
sh600519,贵州茅台,13:19:10,1417.08,700,1417.06,U
sh600519,贵州茅台,13:19:13,1417.12,1400,1417.08,U
sh600519,贵州茅台,13:19:16,1417.06,200,1417.12,E
sh600519,贵州茅台,13:19:19,1417.13,800,1417.06,U
sh600519,贵州茅台,13:19:22,1417.03,200,1417.13,D
sh600519,贵州茅台,13:19:25,1417.34,1200,1417.03,U
sh600519,贵州茅台,13:19:27,1417.16,500,1417.34,E
sh600519,贵州茅台,13:19:39,1417.57,300,1417.19,E
sh600519,贵州茅台,13:19:43,1417.57,400,1417.57,E
sh600519,贵州茅台,13:19:46,1417.13,400,1417.57,E
sh600519,贵州茅台,13:19:48,1417.03,300,1417.13,D
sh600519,贵州茅台,13:19:52,1417.02,200,1417.03,D
sh600519,贵州茅台,13:19:55,1417.02,200,1417.02,D
sh600519,贵州茅台,13:20:01,1417.05,200,1417.02,D
sh600519,贵州茅台,13:20:04,1417.05,200,1417.05,D
sh600519,贵州茅台,13:20:07,1417.03,400,1417.05,D
sh600519,贵州茅台,13:20:10,1417.02,700,1417.03,D
sh600519,贵州茅台,13:20:13,1417.01,900,1417.02,D
sh600519,贵州茅台,13:20:16,1417.01,1400,1417.01,D
sh600519,贵州茅台,13:20:19,1417.01,400,1417.01,D
sh600519,贵州茅台,13:20:22,1417.06,2000,1417.01,U
sh600519,贵州茅台,13:20:25,1417.06,900,1417.06,D
sh600519,贵州茅台,13:20:28,1417.06,300,1417.06,D
sh600519,贵州茅台,13:20:34,1417.06,200,1417.07,D
sh600519,贵州茅台,13:20:40,1417.06,200,1417.06,D
sh600519,贵州茅台,13:20:43,1417.07,200,1417.06,U
sh600519,贵州茅台,13:20:46,1417.07,200,1417.07,U
sh600519,贵州茅台,13:20:48,1417.07,400,1417.07,U
sh600519,贵州茅台,13:20:55,1417.06,300,1417.07,D
sh600519,贵州茅台,13:20:58,1417.07,600,1417.06,U
sh600519,贵州茅台,13:21:04,1417.07,400,1417.07,D
sh600519,贵州茅台,13:21:07,1417.08,400,1417.07,U
sh600519,贵州茅台,13:21:13,1417.06,200,1417.07,D
sh600519,贵州茅台,13:21:16,1417.01,2300,1417.06,D
sh600519,贵州茅台,13:21:19,1417.0,18100,1417.01,D
sh600519,贵州茅台,13:21:22,1417.0,700,1417.0,D
sh600519,贵州茅台,13:21:24,1416.88,3300,1417.0,D
sh600519,贵州茅台,13:21:28,1416.98,1000,1416.88,U
sh600519,贵州茅台,13:21:31,1416.98,500,1416.98,U
sh600519,贵州茅台,13:21:34,1416.98,300,1416.98,U
sh600519,贵州茅台,13:21:40,1416.88,1400,1416.88,D
sh600519,贵州茅台,13:21:43,1416.89,300,1416.88,D
sh600519,贵州茅台,13:21:52,1416.95,500,1416.9,U
sh600519,贵州茅台,13:22:01,1416.88,500,1416.95,D
sh600519,贵州茅台,13:22:10,1416.88,800,1416.89,D
sh600519,贵州茅台,13:22:16,1416.88,300,1416.88,D
sh600519,贵州茅台,13:22:22,1416.88,300,1416.88,D
sh600519,贵州茅台,13:22:25,1416.9,2900,1416.88,U
sh600519,贵州茅台,13:22:27,1416.88,900,1416.9,D
sh600519,贵州茅台,13:22:31,1416.91,700,1416.88,U
sh600519,贵州茅台,13:22:46,1416.91,293,1416.91,U
sh600519,贵州茅台,13:22:49,1416.91,200,1416.91,D
sh600519,贵州茅台,13:23:01,1416.95,400,1416.95,U
sh600519,贵州茅台,13:23:04,1416.91,400,1416.95,D
sh600519,贵州茅台,13:23:06,1416.91,300,1416.91,D
sh600519,贵州茅台,13:23:25,1416.9,400,1416.91,D
sh600519,贵州茅台,13:23:34,1416.91,300,1416.91,U
sh600519,贵州茅台,13:23:43,1416.91,200,1416.91,D
sh600519,贵州茅台,13:23:46,1416.99,200,1416.91,U
sh600519,贵州茅台,13:23:52,1416.91,200,1416.99,D
sh600519,贵州茅台,13:24:06,1417.0,500,1416.99,U
sh600519,贵州茅台,13:24:16,1416.99,300,1416.99,U
sh600519,贵州茅台,13:24:19,1416.93,300,1416.99,D
sh600519,贵州茅台,13:24:22,1416.98,300,1416.93,E
sh600519,贵州茅台,13:24:25,1416.93,300,1416.98,D
sh600519,贵州茅台,13:24:33,1416.92,2200,1416.99,D
sh600519,贵州茅台,13:24:36,1416.92,200,1416.92,D
sh600519,贵州茅台,13:24:55,1416.91,200,1416.92,D
sh600519,贵州茅台,13:25:01,1416.9,200,1416.91,D
sh600519,贵州茅台,13:25:04,1416.9,200,1416.9,D
sh600519,贵州茅台,13:25:10,1416.99,500,1416.9,U
sh600519,贵州茅台,13:25:22,1416.91,500,1416.92,D
sh600519,贵州茅台,13:25:24,1416.9,400,1416.91,D
sh600519,贵州茅台,13:25:30,1416.98,500,1416.93,U
sh600519,贵州茅台,13:25:46,1416.99,200,1416.93,U
sh600519,贵州茅台,13:25:55,1416.99,300,1416.99,U
sh600519,贵州茅台,13:25:58,1416.99,200,1416.99,U
sh600519,贵州茅台,13:26:01,1416.93,200,1416.99,D
sh600519,贵州茅台,13:26:07,1416.99,400,1416.93,D
sh600519,贵州茅台,13:26:10,1417.0,400,1416.99,U
sh600519,贵州茅台,13:26:19,1416.99,900,1416.99,D
sh600519,贵州茅台,13:26:31,1416.91,200,1416.92,D
sh600519,贵州茅台,13:26:34,1416.93,200,1416.91,U
sh600519,贵州茅台,13:26:40,1416.93,300,1416.93,D
sh600519,贵州茅台,13:26:46,1416.93,200,1416.93,U
sh600519,贵州茅台,13:26:55,1416.91,3400,1416.93,D
sh600519,贵州茅台,13:27:01,1416.9,600,1416.91,D
sh600519,贵州茅台,13:27:04,1417.12,2200,1416.9,U
sh600519,贵州茅台,13:27:06,1416.89,200,1417.12,D
sh600519,贵州茅台,13:27:13,1416.89,1000,1416.89,D
sh600519,贵州茅台,13:27:16,1417.12,300,1416.89,U
sh600519,贵州茅台,13:27:19,1416.89,300,1417.12,E
sh600519,贵州茅台,13:27:21,1416.88,9100,1416.89,D
sh600519,贵州茅台,13:27:25,1416.88,1200,1416.88,D
sh600519,贵州茅台,13:27:30,1416.88,200,1416.88,D
sh600519,贵州茅台,13:27:34,1416.88,600,1416.88,D
sh600519,贵州茅台,13:27:40,1416.99,300,1417.11,D
sh600519,贵州茅台,13:27:46,1416.97,7400,1416.99,D
sh600519,贵州茅台,13:27:49,1416.97,1427,1416.97,U
sh600519,贵州茅台,13:27:55,1416.97,500,1416.97,U
sh600519,贵州茅台,13:28:09,1416.9,300,1416.97,D
sh600519,贵州茅台,13:28:13,1416.85,6573,1416.9,D
sh600519,贵州茅台,13:28:16,1416.8,1100,1416.85,D
sh600519,贵州茅台,13:28:19,1416.8,300,1416.8,D
sh600519,贵州茅台,13:28:25,1416.79,400,1416.8,E
sh600519,贵州茅台,13:28:28,1416.75,200,1416.79,D
sh600519,贵州茅台,13:28:40,1416.82,500,1416.75,U
sh600519,贵州茅台,13:28:49,1416.82,200,1416.84,D
sh600519,贵州茅台,13:29:00,1416.84,200,1416.82,U
sh600519,贵州茅台,13:29:04,1416.8,200,1416.84,D
sh600519,贵州茅台,13:29:13,1416.75,900,1416.77,D
sh600519,贵州茅台,13:29:16,1416.74,200,1416.75,D
sh600519,贵州茅台,13:29:19,1416.84,2099,1416.74,U
sh600519,贵州茅台,13:29:22,1416.84,400,1416.84,D
sh600519,贵州茅台,13:29:25,1416.84,200,1416.84,D
sh600519,贵州茅台,13:29:40,1416.9,200,1416.84,U
sh600519,贵州茅台,13:29:42,1416.89,200,1416.9,D
sh600519,贵州茅台,13:30:01,1416.91,200,1416.89,D
sh600519,贵州茅台,13:30:07,1416.91,800,1416.91,E
sh600519,贵州茅台,13:30:16,1417.11,300,1417.11,U
sh600519,贵州茅台,13:30:19,1417.1,400,1417.11,U
sh600519,贵州茅台,13:30:28,1416.92,300,1417.1,D
sh600519,贵州茅台,13:30:34,1416.9,500,1416.92,D
sh600519,贵州茅台,13:30:40,1416.92,200,1416.9,D
sh600519,贵州茅台,13:30:43,1416.93,200,1416.92,U
sh600519,贵州茅台,13:30:46,1416.92,500,1416.93,D
sh600519,贵州茅台,13:30:48,1416.92,400,1416.92,D
sh600519,贵州茅台,13:30:55,1416.92,200,1416.92,D
sh600519,贵州茅台,13:31:01,1416.92,374,1416.92,D
sh600519,贵州茅台,13:31:04,1416.95,300,1416.92,U
sh600519,贵州茅台,13:31:25,1416.9,600,1416.9,D
sh600519,贵州茅台,13:31:34,1416.9,200,1416.94,U
sh600519,贵州茅台,13:31:36,1416.84,400,1416.9,D
sh600519,贵州茅台,13:31:48,1416.92,200,1417.0,D
sh600519,贵州茅台,13:32:03,1416.91,2200,1417.09,D
sh600519,贵州茅台,13:32:10,1416.9,300,1416.91,E
sh600519,贵州茅台,13:32:13,1416.93,2200,1416.9,U
sh600519,贵州茅台,13:32:19,1416.68,400,1416.93,D
sh600519,贵州茅台,13:32:22,1416.8,400,1416.68,E
sh600519,贵州茅台,13:32:31,1417.0,200,1416.78,U
sh600519,贵州茅台,13:32:42,1416.97,400,1417.0,U
sh600519,贵州茅台,13:32:46,1416.78,500,1416.97,D
sh600519,贵州茅台,13:32:49,1416.78,600,1416.78,D
sh600519,贵州茅台,13:32:52,1416.79,900,1416.78,U
sh600519,贵州茅台,13:32:55,1416.79,1600,1416.79,U
sh600519,贵州茅台,13:32:58,1416.79,200,1416.79,D
sh600519,贵州茅台,13:33:01,1416.96,200,1416.79,U
sh600519,贵州茅台,13:33:03,1416.97,200,1416.96,U
sh600519,贵州茅台,13:33:13,1416.81,200,1416.98,D
sh600519,贵州茅台,13:33:19,1416.81,400,1416.98,D
sh600519,贵州茅台,13:33:25,1417.0,200,1416.81,U
sh600519,贵州茅台,13:33:31,1416.96,200,1416.96,D
sh600519,贵州茅台,13:33:34,1417.0,500,1416.96,U
sh600519,贵州茅台,13:33:36,1417.06,200,1417.0,E
sh600519,贵州茅台,13:33:46,1417.12,1100,1417.06,U
sh600519,贵州茅台,13:33:58,1417.12,200,1417.12,U
sh600519,贵州茅台,13:34:01,1417.11,400,1417.12,D
sh600519,贵州茅台,13:34:04,1417.11,500,1417.11,U
sh600519,贵州茅台,13:34:07,1417.11,300,1417.11,U
sh600519,贵州茅台,13:34:10,1417.05,200,1417.11,D
sh600519,贵州茅台,13:34:13,1417.1,200,1417.05,E
sh600519,贵州茅台,13:34:16,1417.11,300,1417.1,U
sh600519,贵州茅台,13:34:24,1417.1,200,1417.11,D
sh600519,贵州茅台,13:34:33,1417.05,400,1417.05,U
sh600519,贵州茅台,13:34:43,1417.05,400,1417.05,D
sh600519,贵州茅台,13:34:52,1417.08,400,1417.09,E
sh600519,贵州茅台,13:35:04,1417.1,200,1417.08,U
sh600519,贵州茅台,13:35:07,1417.01,200,1417.1,D
sh600519,贵州茅台,13:35:22,1417.09,900,1417.01,U
sh600519,贵州茅台,13:35:28,1417.1,300,1417.1,U
sh600519,贵州茅台,13:35:31,1417.11,400,1417.1,U
sh600519,贵州茅台,13:35:37,1417.11,200,1417.11,D
sh600519,贵州茅台,13:35:40,1417.11,300,1417.11,D
sh600519,贵州茅台,13:35:43,1417.11,200,1417.11,D
sh600519,贵州茅台,13:35:45,1417.18,200,1417.11,E
sh600519,贵州茅台,13:35:55,1417.22,200,1417.1,U
sh600519,贵州茅台,13:36:01,1417.22,200,1417.22,D
sh600519,贵州茅台,13:36:04,1417.21,200,1417.22,E
sh600519,贵州茅台,13:36:07,1417.58,200,1417.21,U
sh600519,贵州茅台,13:36:10,1417.58,400,1417.58,U
sh600519,贵州茅台,13:36:13,1417.22,200,1417.58,D
sh600519,贵州茅台,13:36:25,1417.26,700,1417.34,D
sh600519,贵州茅台,13:36:40,1417.98,300,1417.34,U
sh600519,贵州茅台,13:36:52,1417.38,200,1417.99,D
sh600519,贵州茅台,13:36:55,1418.82,1800,1417.38,U
sh600519,贵州茅台,13:36:57,1417.97,300,1418.82,D
sh600519,贵州茅台,13:37:01,1417.52,200,1417.97,D
sh600519,贵州茅台,13:37:04,1418.85,600,1417.52,U
sh600519,贵州茅台,13:37:07,1417.53,200,1418.85,D
sh600519,贵州茅台,13:37:13,1418.0,200,1418.49,D
sh600519,贵州茅台,13:37:16,1417.51,2000,1418.0,D
sh600519,贵州茅台,13:37:19,1417.46,400,1417.51,D
sh600519,贵州茅台,13:37:22,1417.51,300,1417.46,U
sh600519,贵州茅台,13:37:25,1417.51,200,1417.51,U
sh600519,贵州茅台,13:37:28,1417.51,200,1417.51,U
sh600519,贵州茅台,13:37:31,1417.43,1100,1417.51,D
sh600519,贵州茅台,13:38:07,1418.37,400,1418.0,U
sh600519,贵州茅台,13:38:13,1418.0,200,1418.37,U
sh600519,贵州茅台,13:38:16,1418.0,200,1418.0,U
sh600519,贵州茅台,13:38:22,1418.43,300,1418.0,U
sh600519,贵州茅台,13:38:28,1418.43,200,1418.01,U
sh600519,贵州茅台,13:38:31,1418.0,200,1418.43,D
sh600519,贵州茅台,13:38:42,1418.33,200,1418.33,D
sh600519,贵州茅台,13:38:58,1418.16,200,1418.28,D
sh600519,贵州茅台,13:39:01,1418.0,200,1418.16,D
sh600519,贵州茅台,13:39:10,1418.0,300,1418.0,D
sh600519,贵州茅台,13:39:22,1418.01,300,1418.05,D
sh600519,贵州茅台,13:39:31,1418.05,400,1418.01,U
sh600519,贵州茅台,13:39:55,1418.01,200,1418.05,D
sh600519,贵州茅台,13:39:58,1418.05,300,1418.01,U
sh600519,贵州茅台,13:40:01,1418.0,700,1418.05,D
sh600519,贵州茅台,13:40:04,1418.0,1100,1418.0,D
sh600519,贵州茅台,13:40:07,1417.51,500,1418.0,D
sh600519,贵州茅台,13:40:10,1417.5,200,1417.51,D
sh600519,贵州茅台,13:40:13,1417.5,400,1417.5,D
sh600519,贵州茅台,13:40:19,1417.81,1200,1417.43,U
sh600519,贵州茅台,13:40:28,1417.42,200,1417.51,D
sh600519,贵州茅台,13:40:31,1417.42,200,1417.42,D
sh600519,贵州茅台,13:40:37,1417.38,200,1417.4,D
sh600519,贵州茅台,13:40:49,1417.35,300,1417.38,D
sh600519,贵州茅台,13:40:51,1417.34,200,1417.35,D
sh600519,贵州茅台,13:41:03,1417.2,300,1417.29,D
sh600519,贵州茅台,13:41:16,1417.1,200,1417.19,D
sh600519,贵州茅台,13:41:25,1417.19,600,1417.1,U
sh600519,贵州茅台,13:41:28,1417.1,200,1417.19,D
sh600519,贵州茅台,13:41:30,1417.1,200,1417.1,D
sh600519,贵州茅台,13:41:37,1417.08,200,1417.1,D
sh600519,贵州茅台,13:41:40,1417.1,300,1417.08,U
sh600519,贵州茅台,13:41:46,1417.1,400,1417.1,U
sh600519,贵州茅台,13:41:49,1417.1,400,1417.1,U
sh600519,贵州茅台,13:41:52,1417.1,200,1417.1,D
sh600519,贵州茅台,13:41:54,1417.1,200,1417.1,D
sh600519,贵州茅台,13:42:01,1417.1,400,1417.1,U
sh600519,贵州茅台,13:42:04,1417.19,200,1417.1,U
sh600519,贵州茅台,13:42:07,1417.09,800,1417.19,D
sh600519,贵州茅台,13:42:10,1417.1,1000,1417.09,E
sh600519,贵州茅台,13:42:16,1417.2,200,1417.19,U
sh600519,贵州茅台,13:42:19,1417.1,400,1417.2,D
sh600519,贵州茅台,13:42:21,1417.09,200,1417.1,D
sh600519,贵州茅台,13:42:31,1417.36,300,1417.09,E
sh600519,贵州茅台,13:42:37,1417.09,200,1417.34,D
sh600519,贵州茅台,13:42:46,1417.32,500,1417.1,U
sh600519,贵州茅台,13:42:55,1417.32,200,1417.32,D
sh600519,贵州茅台,13:42:58,1417.32,400,1417.32,D
sh600519,贵州茅台,13:43:00,1417.33,500,1417.32,U
sh600519,贵州茅台,13:43:04,1417.32,700,1417.33,D
sh600519,贵州茅台,13:43:07,1417.32,900,1417.32,D
sh600519,贵州茅台,13:43:10,1417.32,400,1417.32,D
sh600519,贵州茅台,13:43:16,1417.35,200,1417.32,U
sh600519,贵州茅台,13:43:25,1417.32,400,1417.35,D
sh600519,贵州茅台,13:43:31,1417.32,600,1417.32,D
sh600519,贵州茅台,13:43:34,1417.27,400,1417.32,D
sh600519,贵州茅台,13:43:37,1417.1,300,1417.27,D
sh600519,贵州茅台,13:43:40,1417.1,200,1417.1,D
sh600519,贵州茅台,13:43:46,1417.3,300,1417.3,E
sh600519,贵州茅台,13:44:01,1417.23,200,1417.3,E
sh600519,贵州茅台,13:44:04,1417.1,800,1417.23,D
sh600519,贵州茅台,13:44:07,1417.1,700,1417.1,D
sh600519,贵州茅台,13:44:10,1417.1,800,1417.1,D
sh600519,贵州茅台,13:44:25,1417.09,200,1417.1,D
sh600519,贵州茅台,13:44:27,1417.08,400,1417.09,D
sh600519,贵州茅台,13:44:31,1417.1,500,1417.08,U
sh600519,贵州茅台,13:44:34,1417.02,200,1417.1,D
sh600519,贵州茅台,13:44:37,1417.02,400,1417.02,D
sh600519,贵州茅台,13:44:40,1417.0,3300,1417.02,D
sh600519,贵州茅台,13:44:43,1417.0,2200,1417.0,D
sh600519,贵州茅台,13:44:46,1417.0,300,1417.0,D
sh600519,贵州茅台,13:44:54,1417.0,400,1417.02,D
