symbol,name,ticktime,price,volume,prev_price,kind
sh600519,贵州茅台,09:25:00,1465.06,33282,0.0,U
sh600519,贵州茅台,09:30:01,1465.06,3600,1465.06,D
sh600519,贵州茅台,09:30:04,1464.32,9018,1465.06,D
sh600519,贵州茅台,09:30:07,1464.1,3800,1464.32,D
sh600519,贵州茅台,09:30:10,1464.0,8300,1464.1,E
sh600519,贵州茅台,09:30:13,1462.01,5700,1464.0,D
sh600519,贵州茅台,09:30:16,1464.99,4500,1462.01,U
sh600519,贵州茅台,09:30:19,1462.01,3500,1464.99,D
sh600519,贵州茅台,09:30:22,1462.01,5700,1462.01,U
sh600519,贵州茅台,09:30:25,1465.0,4900,1462.01,U
sh600519,贵州茅台,09:30:28,1465.06,7820,1465.0,U
sh600519,贵州茅台,09:30:31,1464.18,5000,1465.06,D
sh600519,贵州茅台,09:30:34,1464.39,1700,1464.18,U
sh600519,贵州茅台,09:30:37,1464.0,3400,1464.39,D
sh600519,贵州茅台,09:30:40,1464.39,3100,1464.0,U
sh600519,贵州茅台,09:30:43,1464.38,5500,1464.39,D
sh600519,贵州茅台,09:30:46,1463.98,1400,1464.38,D
sh600519,贵州茅台,09:30:49,1462.23,1100,1463.98,D
sh600519,贵州茅台,09:30:52,1462.23,3400,1462.23,U
sh600519,贵州茅台,09:30:55,1462.29,1300,1462.23,E
sh600519,贵州茅台,09:30:58,1463.98,1200,1462.29,U
sh600519,贵州茅台,09:31:01,1462.34,1200,1463.98,E
sh600519,贵州茅台,09:31:04,1462.34,2300,1462.34,D
sh600519,贵州茅台,09:31:07,1462.29,1100,1462.34,D
sh600519,贵州茅台,09:31:10,1464.03,4300,1462.29,U
sh600519,贵州茅台,09:31:13,1463.74,2100,1464.03,E
sh600519,贵州茅台,09:31:16,1463.85,4300,1463.74,E
sh600519,贵州茅台,09:31:19,1463.5,3400,1463.85,E
sh600519,贵州茅台,09:31:22,1464.38,1200,1463.5,U
sh600519,贵州茅台,09:31:25,1465.0,4400,1464.38,U
sh600519,贵州茅台,09:31:28,1463.91,1200,1465.0,D
sh600519,贵州茅台,09:31:31,1464.35,2200,1463.91,E
sh600519,贵州茅台,09:31:34,1462.6,4300,1464.35,D
sh600519,贵州茅台,09:31:37,1463.83,1900,1462.6,U
sh600519,贵州茅台,09:31:40,1462.6,1400,1463.83,U
sh600519,贵州茅台,09:31:43,1462.61,1400,1462.6,E
sh600519,贵州茅台,09:31:46,1462.61,1300,1462.61,D
sh600519,贵州茅台,09:31:49,1463.02,1400,1462.61,U
sh600519,贵州茅台,09:31:52,1462.7,1800,1463.02,E
sh600519,贵州茅台,09:31:55,1462.66,600,1462.7,D
sh600519,贵州茅台,09:31:58,1463.86,1900,1462.66,U
sh600519,贵州茅台,09:32:01,1463.05,1300,1463.86,D
sh600519,贵州茅台,09:32:04,1463.87,3500,1463.05,U
sh600519,贵州茅台,09:32:07,1464.38,1900,1463.87,U
sh600519,贵州茅台,09:32:10,1464.04,3300,1464.38,E
sh600519,贵州茅台,09:32:13,1464.18,2170,1464.04,E
sh600519,贵州茅台,09:32:16,1464.88,400,1464.18,E
sh600519,贵州茅台,09:32:19,1463.89,1700,1464.88,D
sh600519,贵州茅台,09:32:22,1464.04,1800,1463.89,U
sh600519,贵州茅台,09:32:25,1464.96,2800,1464.04,U
sh600519,贵州茅台,09:32:28,1464.95,2400,1464.96,U
sh600519,贵州茅台,09:32:31,1465.0,2500,1464.95,U
sh600519,贵州茅台,09:32:34,1465.0,1900,1465.0,U
sh600519,贵州茅台,09:32:37,1465.22,7032,1465.0,U
sh600519,贵州茅台,09:32:40,1465.07,1500,1465.22,D
sh600519,贵州茅台,09:32:43,1465.94,900,1465.07,E
sh600519,贵州茅台,09:32:49,1465.93,600,1465.93,U
sh600519,贵州茅台,09:32:52,1465.22,900,1465.93,D
sh600519,贵州茅台,09:32:55,1465.94,500,1465.22,E
sh600519,贵州茅台,09:32:58,1465.88,600,1465.94,D
sh600519,贵州茅台,09:33:01,1465.94,750,1465.88,U
sh600519,贵州茅台,09:33:04,1466.0,1000,1465.94,U
sh600519,贵州茅台,09:33:07,1465.98,700,1466.0,U
sh600519,贵州茅台,09:33:10,1465.22,2950,1465.98,D
sh600519,贵州茅台,09:33:13,1465.77,2500,1465.22,U
sh600519,贵州茅台,09:33:16,1465.99,700,1465.77,U
sh600519,贵州茅台,09:33:19,1466.49,300,1465.99,E
sh600519,贵州茅台,09:33:22,1466.0,300,1466.49,E
sh600519,贵州茅台,09:33:25,1466.49,900,1466.0,E
sh600519,贵州茅台,09:33:28,1466.49,300,1466.49,E
sh600519,贵州茅台,09:33:31,1466.53,800,1466.49,U
sh600519,贵州茅台,09:33:34,1466.49,1600,1466.53,D
sh600519,贵州茅台,09:33:37,1465.0,1600,1466.49,D
sh600519,贵州茅台,09:33:40,1465.0,1100,1465.0,D
sh600519,贵州茅台,09:33:43,1465.0,200,1465.0,D
sh600519,贵州茅台,09:33:46,1465.98,3400,1465.0,E
sh600519,贵州茅台,09:33:49,1466.12,600,1465.98,U
sh600519,贵州茅台,09:33:52,1466.69,900,1466.12,U
sh600519,贵州茅台,09:33:55,1466.63,600,1466.69,D
sh600519,贵州茅台,09:33:58,1466.52,500,1466.63,D
sh600519,贵州茅台,09:34:01,1466.59,1800,1466.52,E
sh600519,贵州茅台,09:34:04,1466.63,2100,1466.59,U
sh600519,贵州茅台,09:34:07,1466.53,1000,1466.63,D
sh600519,贵州茅台,09:34:10,1466.61,1100,1466.53,U
sh600519,贵州茅台,09:34:16,1465.77,600,1466.63,D
sh600519,贵州茅台,09:34:19,1465.85,300,1465.77,U
sh600519,贵州茅台,09:34:22,1466.0,1500,1465.85,U
sh600519,贵州茅台,09:34:25,1466.0,1000,1466.0,D
sh600519,贵州茅台,09:34:28,1465.02,600,1466.0,D
sh600519,贵州茅台,09:34:31,1465.01,500,1465.02,D
sh600519,贵州茅台,09:34:34,1465.76,300,1465.01,E
sh600519,贵州茅台,09:34:37,1465.01,200,1465.76,D
sh600519,贵州茅台,09:34:40,1465.01,600,1465.01,E
sh600519,贵州茅台,09:34:43,1465.0,1000,1465.01,D
sh600519,贵州茅台,09:34:46,1465.66,400,1465.0,U
sh600519,贵州茅台,09:34:52,1464.87,4300,1465.01,D
sh600519,贵州茅台,09:34:55,1465.0,900,1464.87,D
sh600519,贵州茅台,09:35:01,1463.57,3100,1464.04,D
sh600519,贵州茅台,09:35:04,1463.01,1900,1463.57,D
sh600519,贵州茅台,09:35:07,1462.66,200,1463.01,D
sh600519,贵州茅台,09:35:10,1462.66,500,1462.66,D
sh600519,贵州茅台,09:35:13,1462.66,400,1462.66,D
sh600519,贵州茅台,09:35:16,1462.63,2700,1462.66,D
sh600519,贵州茅台,09:35:19,1462.62,300,1462.63,E
sh600519,贵州茅台,09:35:22,1462.31,900,1462.62,D
sh600519,贵州茅台,09:35:25,1462.31,600,1462.31,U
sh600519,贵州茅台,09:35:28,1462.62,2400,1462.31,E
sh600519,贵州茅台,09:35:31,1462.22,500,1462.62,D
sh600519,贵州茅台,09:35:34,1462.21,1000,1462.22,D
sh600519,贵州茅台,09:35:37,1462.22,1200,1462.21,D
sh600519,贵州茅台,09:35:40,1462.3,1000,1462.22,E
sh600519,贵州茅台,09:35:43,1462.3,1500,1462.3,E
sh600519,贵州茅台,09:35:46,1462.31,800,1462.3,E
sh600519,贵州茅台,09:35:49,1462.22,700,1462.31,D
sh600519,贵州茅台,09:35:52,1462.12,390,1462.22,D
sh600519,贵州茅台,09:35:55,1462.14,400,1462.12,D
sh600519,贵州茅台,09:36:01,1462.12,400,1462.14,D
sh600519,贵州茅台,09:36:04,1461.98,3000,1462.12,D
sh600519,贵州茅台,09:36:07,1462.0,4600,1461.98,U
sh600519,贵州茅台,09:36:10,1462.0,400,1462.0,U
sh600519,贵州茅台,09:36:13,1461.48,1100,1462.0,D
sh600519,贵州茅台,09:36:16,1461.65,2200,1461.48,U
sh600519,贵州茅台,09:36:19,1461.48,1400,1461.65,D
sh600519,贵州茅台,09:36:22,1461.48,700,1461.48,E
sh600519,贵州茅台,09:36:25,1461.24,1900,1461.48,D
sh600519,贵州茅台,09:36:28,1462.11,1300,1461.24,U
sh600519,贵州茅台,09:36:31,1462.17,1800,1462.11,U
sh600519,贵州茅台,09:36:34,1462.17,500,1462.17,D
sh600519,贵州茅台,09:36:37,1462.12,200,1462.17,D
sh600519,贵州茅台,09:36:40,1463.0,1000,1462.12,U
sh600519,贵州茅台,09:36:43,1463.04,1500,1463.0,U
sh600519,贵州茅台,09:36:49,1463.0,400,1462.12,U
sh600519,贵州茅台,09:36:52,1463.0,1200,1463.0,U
sh600519,贵州茅台,09:36:55,1462.18,400,1463.0,E
sh600519,贵州茅台,09:36:58,1462.16,300,1462.18,D
sh600519,贵州茅台,09:37:01,1463.0,400,1462.16,U
sh600519,贵州茅台,09:37:04,1462.15,400,1463.0,D
sh600519,贵州茅台,09:37:07,1462.16,700,1462.15,U
sh600519,贵州茅台,09:37:10,1462.17,300,1462.16,U
sh600519,贵州茅台,09:37:13,1462.14,900,1462.17,D
sh600519,贵州茅台,09:37:16,1462.14,200,1462.14,E
sh600519,贵州茅台,09:37:19,1462.14,500,1462.14,U
sh600519,贵州茅台,09:37:22,1462.14,700,1462.14,U
sh600519,贵州茅台,09:37:25,1462.8,1500,1462.14,U
sh600519,贵州茅台,09:37:28,1462.1,1500,1462.8,E
sh600519,贵州茅台,09:37:31,1462.94,500,1462.1,U
sh600519,贵州茅台,09:37:34,1462.01,400,1462.94,D
sh600519,贵州茅台,09:37:37,1463.08,5600,1462.01,U
sh600519,贵州茅台,09:37:40,1464.04,800,1463.08,U
sh600519,贵州茅台,09:37:43,1464.5,1600,1464.04,E
sh600519,贵州茅台,09:37:46,1464.64,1500,1464.5,U
sh600519,贵州茅台,09:37:49,1464.5,600,1464.64,E
sh600519,贵州茅台,09:37:52,1464.95,300,1464.5,U
sh600519,贵州茅台,09:37:55,1465.0,600,1464.95,U
sh600519,贵州茅台,09:38:01,1464.88,500,1465.0,E
sh600519,贵州茅台,09:38:04,1464.5,500,1464.88,D
sh600519,贵州茅台,09:38:10,1463.99,900,1464.5,D
sh600519,贵州茅台,09:38:13,1464.0,200,1463.99,U
sh600519,贵州茅台,09:38:16,1463.11,500,1464.0,D
sh600519,贵州茅台,09:38:22,1463.99,800,1463.11,E
sh600519,贵州茅台,09:38:25,1463.14,200,1463.99,E
sh600519,贵州茅台,09:38:28,1463.15,400,1463.14,D
sh600519,贵州茅台,09:38:31,1463.16,300,1463.15,E
sh600519,贵州茅台,09:38:34,1463.16,1000,1463.16,D
sh600519,贵州茅台,09:38:37,1463.78,600,1463.16,D
sh600519,贵州茅台,09:38:43,1464.45,400,1463.78,D
sh600519,贵州茅台,09:38:49,1463.45,200,1464.45,E
sh600519,贵州茅台,09:38:52,1464.5,400,1463.45,U
sh600519,贵州茅台,09:38:55,1464.64,1200,1464.5,U
sh600519,贵州茅台,09:38:58,1464.64,600,1464.64,D
sh600519,贵州茅台,09:39:01,1464.87,1600,1464.64,U
sh600519,贵州茅台,09:39:04,1464.45,700,1464.87,D
sh600519,贵州茅台,09:39:07,1464.5,500,1464.45,E
sh600519,贵州茅台,09:39:10,1464.87,1500,1464.5,U
sh600519,贵州茅台,09:39:13,1465.0,3500,1464.87,U
sh600519,贵州茅台,09:39:16,1465.0,10900,1465.0,U
sh600519,贵州茅台,09:39:19,1466.5,23600,1465.0,U
sh600519,贵州茅台,09:39:22,1466.57,1800,1466.5,U
sh600519,贵州茅台,09:39:25,1466.5,500,1466.57,E
sh600519,贵州茅台,09:39:28,1465.56,900,1466.5,D
sh600519,贵州茅台,09:39:31,1466.67,400,1465.56,U
sh600519,贵州茅台,09:39:34,1466.56,400,1466.67,D
sh600519,贵州茅台,09:39:37,1467.0,600,1466.56,U
sh600519,贵州茅台,09:39:40,1467.0,200,1467.0,U
sh600519,贵州茅台,09:39:43,1467.0,800,1467.0,U
sh600519,贵州茅台,09:39:46,1466.99,500,1467.0,E
sh600519,贵州茅台,09:39:49,1466.0,600,1466.99,D
sh600519,贵州茅台,09:39:52,1465.51,600,1466.0,D
sh600519,贵州茅台,09:39:55,1466.25,1000,1465.51,U
sh600519,贵州茅台,09:39:58,1466.53,1200,1466.25,U
sh600519,贵州茅台,09:40:01,1466.91,1000,1466.53,U
sh600519,贵州茅台,09:40:04,1466.23,1800,1466.91,D
sh600519,贵州茅台,09:40:07,1466.25,200,1466.23,E
sh600519,贵州茅台,09:40:10,1465.61,1200,1466.25,D
sh600519,贵州茅台,09:40:13,1465.61,300,1465.61,U
sh600519,贵州茅台,09:40:16,1465.55,1100,1465.61,E
sh600519,贵州茅台,09:40:19,1466.9,900,1465.55,U
sh600519,贵州茅台,09:40:22,1466.77,700,1466.9,D
sh600519,贵州茅台,09:40:25,1467.01,2400,1466.77,U
sh600519,贵州茅台,09:40:28,1467.47,600,1467.01,E
sh600519,贵州茅台,09:40:31,1466.91,300,1467.47,D
sh600519,贵州茅台,09:40:34,1466.87,700,1466.91,U
sh600519,贵州茅台,09:40:37,1466.87,200,1466.87,U
sh600519,贵州茅台,09:40:40,1467.48,1500,1466.87,U
sh600519,贵州茅台,09:40:43,1467.0,200,1467.48,D
sh600519,贵州茅台,09:40:46,1467.0,500,1467.0,D
sh600519,贵州茅台,09:40:49,1467.0,300,1467.0,D
sh600519,贵州茅台,09:40:52,1467.0,300,1467.0,E
sh600519,贵州茅台,09:40:55,1466.87,600,1467.0,D
sh600519,贵州茅台,09:40:58,1466.95,1000,1466.87,D
sh600519,贵州茅台,09:41:01,1467.0,300,1466.95,E
sh600519,贵州茅台,09:41:04,1467.39,900,1467.0,E
sh600519,贵州茅台,09:41:07,1467.17,2200,1467.39,D
sh600519,贵州茅台,09:41:10,1468.0,1600,1467.17,U
sh600519,贵州茅台,09:41:13,1468.14,4000,1468.0,U
sh600519,贵州茅台,09:41:16,1469.0,2500,1468.14,U
sh600519,贵州茅台,09:41:19,1469.0,1500,1469.0,U
sh600519,贵州茅台,09:41:22,1469.0,2200,1469.0,D
sh600519,贵州茅台,09:41:25,1469.0,700,1469.0,D
sh600519,贵州茅台,09:41:28,1469.0,700,1469.0,D
sh600519,贵州茅台,09:41:31,1468.66,1000,1469.0,E
sh600519,贵州茅台,09:41:34,1469.02,1200,1468.66,E
sh600519,贵州茅台,09:41:37,1468.99,1000,1469.02,E
sh600519,贵州茅台,09:41:40,1468.94,200,1468.99,E
sh600519,贵州茅台,09:41:43,1469.02,500,1468.94,U
sh600519,贵州茅台,09:41:46,1469.58,1000,1469.02,U
sh600519,贵州茅台,09:41:49,1469.0,400,1469.58,D
sh600519,贵州茅台,09:41:52,1469.46,300,1469.0,U
sh600519,贵州茅台,09:41:55,1469.05,1100,1469.46,D
sh600519,贵州茅台,09:41:58,1469.59,300,1469.05,U
sh600519,贵州茅台,09:42:01,1469.59,1000,1469.59,U
sh600519,贵州茅台,09:42:04,1469.59,2700,1469.59,D
sh600519,贵州茅台,09:42:07,1469.59,1100,1469.59,D
sh600519,贵州茅台,09:42:10,1469.05,500,1469.59,D
sh600519,贵州茅台,09:42:13,1469.19,600,1469.05,U
sh600519,贵州茅台,09:42:16,1469.73,1700,1469.19,U
sh600519,贵州茅台,09:42:19,1469.59,400,1469.73,D
sh600519,贵州茅台,09:42:22,1469.05,300,1469.59,D
sh600519,贵州茅台,09:42:25,1469.73,800,1469.05,E
sh600519,贵州茅台,09:42:28,1469.46,200,1469.73,D
sh600519,贵州茅台,09:42:31,1469.05,700,1469.46,D
sh600519,贵州茅台,09:42:34,1469.11,500,1469.05,E
sh600519,贵州茅台,09:42:37,1469.11,200,1469.11,U
sh600519,贵州茅台,09:42:40,1469.05,1000,1469.11,D
sh600519,贵州茅台,09:42:43,1468.99,1000,1469.05,D
sh600519,贵州茅台,09:42:49,1468.99,300,1468.01,U
sh600519,贵州茅台,09:42:52,1468.0,1100,1468.99,D
sh600519,贵州茅台,09:42:55,1468.99,300,1468.0,E
sh600519,贵州茅台,09:42:58,1468.99,900,1468.99,D
sh600519,贵州茅台,09:43:01,1468.0,500,1468.99,D
sh600519,贵州茅台,09:43:04,1468.0,300,1468.0,D
sh600519,贵州茅台,09:43:07,1468.9,1100,1468.0,U
sh600519,贵州茅台,09:43:10,1468.04,400,1468.9,D
sh600519,贵州茅台,09:43:13,1468.04,200,1468.04,E
sh600519,贵州茅台,09:43:16,1467.03,1800,1468.04,D
sh600519,贵州茅台,09:43:19,1467.02,1000,1467.03,D
sh600519,贵州茅台,09:43:22,1467.94,600,1467.02,E
sh600519,贵州茅台,09:43:25,1468.0,1000,1467.94,U
sh600519,贵州茅台,09:43:28,1467.98,300,1468.0,E
sh600519,贵州茅台,09:43:31,1468.0,500,1467.98,U
sh600519,贵州茅台,09:43:34,1467.99,700,1468.0,E
sh600519,贵州茅台,09:43:37,1468.0,700,1467.99,E
sh600519,贵州茅台,09:43:40,1468.0,400,1468.0,E
sh600519,贵州茅台,09:43:43,1468.9,300,1468.0,U
sh600519,贵州茅台,09:43:46,1468.46,200,1468.9,U
sh600519,贵州茅台,09:43:49,1468.8,600,1468.46,U
sh600519,贵州茅台,09:43:52,1468.46,800,1468.8,U
sh600519,贵州茅台,09:43:55,1468.7,400,1468.46,E
sh600519,贵州茅台,09:43:58,1467.45,200,1468.7,D
sh600519,贵州茅台,09:44:01,1468.0,1300,1467.45,U
sh600519,贵州茅台,09:44:04,1467.41,700,1468.0,D
sh600519,贵州茅台,09:44:07,1467.39,200,1467.41,D
sh600519,贵州茅台,09:44:10,1467.99,800,1467.39,U
sh600519,贵州茅台,09:44:13,1467.03,500,1467.99,D
sh600519,贵州茅台,09:44:16,1467.03,500,1467.03,U
sh600519,贵州茅台,09:44:19,1468.0,1100,1467.03,U
sh600519,贵州茅台,09:44:22,1467.0,300,1468.0,D
sh600519,贵州茅台,09:44:25,1467.16,500,1467.0,E
sh600519,贵州茅台,09:44:28,1468.14,400,1467.16,U
sh600519,贵州茅台,09:44:37,1468.01,700,1468.14,D
sh600519,贵州茅台,09:44:40,1468.0,400,1468.01,U
sh600519,贵州茅台,09:44:43,1467.42,300,1468.0,E
sh600519,贵州茅台,09:44:49,1467.96,200,1467.45,U
sh600519,贵州茅台,09:45:01,1467.99,200,1467.99,U
sh600519,贵州茅台,09:45:04,1467.99,1000,1467.99,U
sh600519,贵州茅台,09:45:07,1467.99,1200,1467.99,U
sh600519,贵州茅台,09:45:13,1467.98,600,1467.99,U
sh600519,贵州茅台,09:45:16,1467.52,400,1467.98,D
sh600519,贵州茅台,09:45:19,1467.45,300,1467.52,D
sh600519,贵州茅台,09:45:22,1467.9,200,1467.45,U
sh600519,贵州茅台,09:45:28,1467.52,600,1467.45,E
sh600519,贵州茅台,09:45:31,1468.0,1900,1467.52,U
sh600519,贵州茅台,09:45:34,1467.0,3500,1468.0,D
sh600519,贵州茅台,09:45:37,1467.99,200,1467.0,E
sh600519,贵州茅台,09:45:43,1467.8,1200,1468.0,E
sh600519,贵州茅台,09:45:49,1467.8,1200,1467.8,D
sh600519,贵州茅台,09:45:58,1467.81,400,1467.8,U
sh600519,贵州茅台,09:46:01,1468.4,1100,1467.81,U
sh600519,贵州茅台,09:46:04,1468.45,200,1468.4,U
sh600519,贵州茅台,09:46:07,1468.83,300,1468.45,U
sh600519,贵州茅台,09:46:10,1468.7,400,1468.83,D
sh600519,贵州茅台,09:46:13,1469.0,500,1468.7,U
sh600519,贵州茅台,09:46:16,1468.6,1700,1469.0,D
sh600519,贵州茅台,09:46:19,1469.39,2100,1468.6,U
sh600519,贵州茅台,09:46:25,1469.4,300,1469.38,U
sh600519,贵州茅台,09:46:28,1469.77,600,1469.4,U
sh600519,贵州茅台,09:46:31,1469.84,200,1469.77,U
sh600519,贵州茅台,09:46:37,1469.78,200,1469.84,E
sh600519,贵州茅台,09:46:40,1469.84,200,1469.78,U
sh600519,贵州茅台,09:46:43,1469.4,800,1469.84,D
sh600519,贵州茅台,09:46:46,1469.51,200,1469.4,E
sh600519,贵州茅台,09:46:49,1469.85,1000,1469.51,U
sh600519,贵州茅台,09:46:52,1469.97,1541,1469.85,U
sh600519,贵州茅台,09:46:55,1470.55,6900,1469.97,U
sh600519,贵州茅台,09:46:58,1470.6,600,1470.55,U
sh600519,贵州茅台,09:47:01,1470.99,200,1470.6,U
sh600519,贵州茅台,09:47:04,1471.61,2500,1470.99,U
sh600519,贵州茅台,09:47:07,1471.88,700,1471.61,U
sh600519,贵州茅台,09:47:10,1472.89,2400,1471.88,U
sh600519,贵州茅台,09:47:13,1472.05,2000,1472.89,E
sh600519,贵州茅台,09:47:16,1472.96,800,1472.05,E
sh600519,贵州茅台,09:47:19,1472.06,1600,1472.96,D
sh600519,贵州茅台,09:47:22,1473.6,1200,1472.06,U
sh600519,贵州茅台,09:47:25,1473.99,1700,1473.6,U
sh600519,贵州茅台,09:47:28,1474.0,900,1473.99,U
sh600519,贵州茅台,09:47:31,1474.0,1400,1474.0,U
sh600519,贵州茅台,09:47:34,1473.9,300,1474.0,E
sh600519,贵州茅台,09:47:40,1474.0,1000,1473.6,U
sh600519,贵州茅台,09:47:43,1473.89,400,1474.0,E
sh600519,贵州茅台,09:47:46,1473.98,400,1473.89,U
sh600519,贵州茅台,09:47:49,1473.0,14200,1473.98,D
sh600519,贵州茅台,09:47:52,1472.92,2400,1473.0,D
sh600519,贵州茅台,09:47:55,1472.0,500,1472.92,D
sh600519,贵州茅台,09:47:58,1472.0,900,1472.0,E
sh600519,贵州茅台,09:48:04,1471.35,900,1471.19,E
sh600519,贵州茅台,09:48:10,1472.8,800,1472.55,E
sh600519,贵州茅台,09:48:13,1472.79,2700,1472.8,E
sh600519,贵州茅台,09:48:16,1472.7,800,1472.79,E
sh600519,贵州茅台,09:48:19,1472.7,600,1472.7,U
sh600519,贵州茅台,09:48:22,1472.7,200,1472.7,U
sh600519,贵州茅台,09:48:25,1472.0,900,1472.7,D
sh600519,贵州茅台,09:48:28,1471.44,1800,1472.0,D
sh600519,贵州茅台,09:48:31,1471.37,1100,1471.44,D
sh600519,贵州茅台,09:48:34,1470.85,2200,1471.37,D
sh600519,贵州茅台,09:48:37,1471.0,700,1470.85,U
sh600519,贵州茅台,09:48:40,1470.05,300,1471.0,D
sh600519,贵州茅台,09:48:43,1470.36,200,1470.05,E
sh600519,贵州茅台,09:48:46,1469.98,400,1470.36,D
sh600519,贵州茅台,09:48:49,1470.0,200,1469.98,U
sh600519,贵州茅台,09:48:55,1468.45,11400,1470.0,D
sh600519,贵州茅台,09:48:58,1469.03,400,1468.45,E
sh600519,贵州茅台,09:49:04,1468.45,1600,1468.47,D
sh600519,贵州茅台,09:49:07,1468.14,300,1468.45,D
sh600519,贵州茅台,09:49:10,1467.88,1000,1468.14,D
sh600519,贵州茅台,09:49:13,1466.46,3900,1467.88,D
sh600519,贵州茅台,09:49:16,1466.03,800,1466.46,E
sh600519,贵州茅台,09:49:19,1466.97,400,1466.03,E
sh600519,贵州茅台,09:49:22,1467.06,1000,1466.97,U
sh600519,贵州茅台,09:49:25,1466.99,1300,1467.06,D
sh600519,贵州茅台,09:49:31,1467.49,600,1467.0,U
sh600519,贵州茅台,09:49:34,1467.5,200,1467.49,U
sh600519,贵州茅台,09:49:37,1467.5,700,1467.5,D
sh600519,贵州茅台,09:49:40,1467.48,2600,1467.5,D
sh600519,贵州茅台,09:49:43,1467.63,1200,1467.48,U
sh600519,贵州茅台,09:49:46,1467.52,1000,1467.63,E
sh600519,贵州茅台,09:49:49,1467.05,500,1467.52,D
sh600519,贵州茅台,09:49:52,1467.0,2000,1467.05,D
sh600519,贵州茅台,09:49:55,1467.0,300,1467.0,U
sh600519,贵州茅台,09:49:58,1467.05,700,1467.0,U
sh600519,贵州茅台,09:50:01,1467.0,2000,1467.05,D
sh600519,贵州茅台,09:50:04,1467.0,200,1467.0,D
sh600519,贵州茅台,09:50:07,1466.58,1000,1467.0,D
sh600519,贵州茅台,09:50:10,1467.72,500,1466.58,U
sh600519,贵州茅台,09:50:13,1467.94,300,1467.72,U
sh600519,贵州茅台,09:50:16,1468.46,2700,1467.94,U
sh600519,贵州茅台,09:50:19,1469.0,2300,1468.46,U
sh600519,贵州茅台,09:50:22,1468.18,1400,1469.0,D
sh600519,贵州茅台,09:50:25,1467.94,1100,1468.18,D
sh600519,贵州茅台,09:50:28,1469.0,1700,1467.94,U
sh600519,贵州茅台,09:50:31,1469.0,1900,1469.0,U
sh600519,贵州茅台,09:50:34,1469.04,200,1469.0,U
sh600519,贵州茅台,09:50:37,1469.38,300,1469.04,E
sh600519,贵州茅台,09:50:40,1469.4,5900,1469.38,U
sh600519,贵州茅台,09:50:43,1469.4,1300,1469.4,D
sh600519,贵州茅台,09:50:46,1468.99,8200,1469.4,D
sh600519,贵州茅台,09:50:49,1467.8,1700,1468.99,D
sh600519,贵州茅台,09:50:55,1468.76,1100,1467.8,E
sh600519,贵州茅台,09:51:01,1467.95,1000,1468.76,U
sh600519,贵州茅台,09:51:04,1467.0,1400,1467.95,D
sh600519,贵州茅台,09:51:07,1467.0,1100,1467.0,D
sh600519,贵州茅台,09:51:10,1467.0,1300,1467.0,D
sh600519,贵州茅台,09:51:13,1467.0,700,1467.0,U
sh600519,贵州茅台,09:51:16,1467.0,900,1467.0,U
sh600519,贵州茅台,09:51:19,1467.0,1700,1467.0,U
sh600519,贵州茅台,09:51:22,1466.61,1200,1467.0,E
sh600519,贵州茅台,09:51:25,1467.0,1100,1466.61,E
sh600519,贵州茅台,09:51:28,1466.54,1000,1467.0,D
sh600519,贵州茅台,09:51:31,1466.36,500,1466.54,D
sh600519,贵州茅台,09:51:34,1466.53,200,1466.36,U
sh600519,贵州茅台,09:51:37,1466.5,500,1466.53,U
sh600519,贵州茅台,09:51:40,1466.01,1714,1466.5,D
sh600519,贵州茅台,09:51:43,1466.53,1100,1466.01,U
sh600519,贵州茅台,09:51:46,1466.05,300,1466.53,E
sh600519,贵州茅台,09:51:49,1466.5,2300,1466.05,U
sh600519,贵州茅台,09:51:52,1465.61,786,1466.5,D
sh600519,贵州茅台,09:51:55,1465.5,400,1465.61,D
sh600519,贵州茅台,09:51:58,1465.02,300,1465.5,D
sh600519,贵州茅台,09:52:01,1465.01,600,1465.02,D
sh600519,贵州茅台,09:52:04,1465.5,1100,1465.01,U
sh600519,贵州茅台,09:52:07,1465.0,200,1465.5,D
sh600519,贵州茅台,09:52:10,1465.0,1700,1465.0,D
sh600519,贵州茅台,09:52:13,1465.5,1000,1465.0,U
sh600519,贵州茅台,09:52:16,1465.26,1100,1465.5,E
sh600519,贵州茅台,09:52:19,1465.0,700,1465.26,D
sh600519,贵州茅台,09:52:22,1465.4,7800,1465.0,U
sh600519,贵州茅台,09:52:25,1466.0,914,1465.4,U
sh600519,贵州茅台,09:52:28,1466.18,900,1466.0,U
sh600519,贵州茅台,09:52:31,1466.0,800,1466.18,D
sh600519,贵州茅台,09:52:34,1465.5,800,1466.0,D
sh600519,贵州茅台,09:52:37,1466.17,600,1465.5,U
sh600519,贵州茅台,09:52:40,1465.53,300,1466.17,U
sh600519,贵州茅台,09:52:43,1465.29,500,1465.53,D
sh600519,贵州茅台,09:52:49,1465.29,500,1465.29,D
sh600519,贵州茅台,09:52:52,1465.03,1200,1465.29,D
sh600519,贵州茅台,09:52:55,1465.0,500,1465.03,D
sh600519,贵州茅台,09:52:58,1465.0,600,1465.0,D
sh600519,贵州茅台,09:53:01,1465.0,500,1465.0,D
sh600519,贵州茅台,09:53:04,1464.5,700,1465.0,D
sh600519,贵州茅台,09:53:07,1464.0,500,1464.5,D
sh600519,贵州茅台,09:53:10,1464.0,800,1464.0,D
sh600519,贵州茅台,09:53:13,1464.0,400,1464.0,U
sh600519,贵州茅台,09:53:16,1464.06,1200,1464.0,U
sh600519,贵州茅台,09:53:19,1464.1,200,1464.06,D
sh600519,贵州茅台,09:53:22,1464.14,200,1464.1,D
sh600519,贵州茅台,09:53:25,1464.2,400,1464.14,E
sh600519,贵州茅台,09:53:28,1464.14,200,1464.2,D
sh600519,贵州茅台,09:53:31,1464.85,400,1464.14,U
sh600519,贵州茅台,09:53:37,1464.01,600,1464.01,D
sh600519,贵州茅台,09:53:40,1463.88,800,1464.01,D
sh600519,贵州茅台,09:53:49,1463.87,200,1463.88,E
sh600519,贵州茅台,09:53:52,1463.83,400,1463.87,D
sh600519,贵州茅台,09:53:55,1463.88,600,1463.83,U
sh600519,贵州茅台,09:53:58,1463.85,200,1463.88,U
sh600519,贵州茅台,09:54:01,1463.0,1900,1463.85,D
sh600519,贵州茅台,09:54:04,1462.18,2100,1463.0,D
sh600519,贵州茅台,09:54:07,1462.15,2500,1462.18,U
sh600519,贵州茅台,09:54:10,1462.5,3000,1462.15,U
sh600519,贵州茅台,09:54:13,1463.18,3300,1462.5,U
sh600519,贵州茅台,09:54:16,1463.0,1600,1463.18,D
sh600519,贵州茅台,09:54:19,1462.62,1000,1463.0,D
sh600519,贵州茅台,09:54:22,1462.3,1800,1462.62,E
sh600519,贵州茅台,09:54:25,1462.65,1200,1462.3,E
sh600519,贵州茅台,09:54:28,1462.2,900,1462.65,D
sh600519,贵州茅台,09:54:31,1462.38,600,1462.2,U
sh600519,贵州茅台,09:54:34,1462.25,900,1462.38,U
sh600519,贵州茅台,09:54:37,1462.15,900,1462.25,D
sh600519,贵州茅台,09:54:40,1462.2,1200,1462.15,D
sh600519,贵州茅台,09:54:43,1463.84,1300,1462.2,U
sh600519,贵州茅台,09:54:49,1463.85,200,1463.12,U
sh600519,贵州茅台,09:54:52,1463.12,200,1463.85,D
sh600519,贵州茅台,09:54:55,1463.87,200,1463.12,U
sh600519,贵州茅台,09:54:58,1463.12,700,1463.87,D
sh600519,贵州茅台,09:55:01,1462.98,300,1463.12,D
sh600519,贵州茅台,09:55:04,1463.76,700,1462.98,U
sh600519,贵州茅台,09:55:07,1463.69,600,1463.76,E
sh600519,贵州茅台,09:55:10,1463.68,400,1463.69,U
sh600519,贵州茅台,09:55:13,1463.59,800,1463.68,E
sh600519,贵州茅台,09:55:16,1463.59,400,1463.59,U
sh600519,贵州茅台,09:55:19,1463.59,200,1463.59,U
sh600519,贵州茅台,09:55:22,1462.88,1000,1463.59,D
sh600519,贵州茅台,09:55:25,1462.5,1000,1462.88,D
sh600519,贵州茅台,09:55:28,1462.99,1200,1462.5,E
sh600519,贵州茅台,09:55:31,1462.99,500,1462.99,E
sh600519,贵州茅台,09:55:37,1462.96,300,1462.99,E
sh600519,贵州茅台,09:55:40,1462.88,200,1462.96,D
sh600519,贵州茅台,09:55:43,1462.88,300,1462.88,D
sh600519,贵州茅台,09:55:46,1462.96,1100,1462.88,U
sh600519,贵州茅台,09:55:49,1462.52,700,1462.96,D
sh600519,贵州茅台,09:55:52,1462.5,200,1462.52,E
sh600519,贵州茅台,09:55:55,1462.44,600,1462.5,D
sh600519,贵州茅台,09:55:58,1462.36,400,1462.44,D
sh600519,贵州茅台,09:56:01,1462.55,200,1462.36,U
sh600519,贵州茅台,09:56:04,1462.51,800,1462.55,D
sh600519,贵州茅台,09:56:07,1462.78,1700,1462.51,U
sh600519,贵州茅台,09:56:13,1463.56,2300,1462.58,U
sh600519,贵州茅台,09:56:16,1463.73,2200,1463.56,U
sh600519,贵州茅台,09:56:19,1463.87,1000,1463.73,U
sh600519,贵州茅台,09:56:22,1464.14,400,1463.87,U
sh600519,贵州茅台,09:56:28,1464.18,800,1464.17,U
sh600519,贵州茅台,09:56:31,1464.31,200,1464.18,U
sh600519,贵州茅台,09:56:34,1464.35,200,1464.31,D
sh600519,贵州茅台,09:56:37,1464.35,700,1464.35,D
sh600519,贵州茅台,09:56:40,1464.17,600,1464.35,D
sh600519,贵州茅台,09:56:43,1462.97,600,1464.17,D
sh600519,贵州茅台,09:56:46,1462.95,200,1462.97,D
sh600519,贵州茅台,09:56:49,1462.97,400,1462.95,E
sh600519,贵州茅台,09:56:52,1463.9,1400,1462.97,U
sh600519,贵州茅台,09:56:58,1462.74,400,1462.74,D
sh600519,贵州茅台,09:57:01,1463.8,400,1462.74,U
sh600519,贵州茅台,09:57:04,1462.56,600,1463.8,D
sh600519,贵州茅台,09:57:07,1462.74,1100,1462.56,U
sh600519,贵州茅台,09:57:10,1462.99,2100,1462.74,U
sh600519,贵州茅台,09:57:13,1462.78,700,1462.99,D
sh600519,贵州茅台,09:57:19,1462.74,1600,1462.78,D
sh600519,贵州茅台,09:57:25,1462.81,500,1462.74,E
sh600519,贵州茅台,09:57:28,1463.72,200,1462.81,U
sh600519,贵州茅台,09:57:46,1463.5,200,1463.75,E
sh600519,贵州茅台,09:57:52,1462.94,200,1462.95,D
sh600519,贵州茅台,09:57:55,1462.91,400,1462.94,D
sh600519,贵州茅台,09:57:58,1462.81,600,1462.91,D
sh600519,贵州茅台,09:58:01,1462.81,1000,1462.81,D
sh600519,贵州茅台,09:58:04,1462.5,3300,1462.81,D
sh600519,贵州茅台,09:58:07,1462.3,1400,1462.5,D
sh600519,贵州茅台,09:58:10,1462.23,1000,1462.3,D
sh600519,贵州茅台,09:58:13,1462.21,1800,1462.23,D
sh600519,贵州茅台,09:58:16,1462.2,600,1462.21,D
sh600519,贵州茅台,09:58:19,1462.2,900,1462.2,D
sh600519,贵州茅台,09:58:22,1462.18,700,1462.2,D
sh600519,贵州茅台,09:58:25,1462.11,700,1462.18,D
sh600519,贵州茅台,09:58:28,1462.12,2100,1462.11,U
sh600519,贵州茅台,09:58:31,1461.8,1300,1462.12,D
sh600519,贵州茅台,09:58:34,1461.5,900,1461.8,D
sh600519,贵州茅台,09:58:37,1461.5,600,1461.5,D
sh600519,贵州茅台,09:58:40,1461.3,1000,1461.5,D
sh600519,贵州茅台,09:58:43,1461.3,300,1461.3,D
sh600519,贵州茅台,09:58:46,1461.3,600,1461.3,E
sh600519,贵州茅台,09:58:49,1461.31,400,1461.3,D
sh600519,贵州茅台,09:58:52,1461.2,800,1461.31,D
sh600519,贵州茅台,09:58:55,1461.27,200,1461.2,D
sh600519,贵州茅台,09:59:01,1461.01,7100,1461.31,D
sh600519,贵州茅台,09:59:04,1460.06,1600,1461.01,E
sh600519,贵州茅台,09:59:07,1460.21,600,1460.06,D
sh600519,贵州茅台,09:59:10,1461.2,500,1460.21,U
sh600519,贵州茅台,09:59:13,1460.18,400,1461.2,D
sh600519,贵州茅台,09:59:16,1460.21,600,1460.18,U
sh600519,贵州茅台,09:59:19,1460.2,500,1460.21,D
sh600519,贵州茅台,09:59:22,1460.18,400,1460.2,U
sh600519,贵州茅台,09:59:25,1460.22,2100,1460.18,U
sh600519,贵州茅台,09:59:28,1461.3,1200,1460.22,U
sh600519,贵州茅台,09:59:31,1461.3,700,1461.3,U
sh600519,贵州茅台,09:59:34,1461.3,400,1461.3,D
sh600519,贵州茅台,09:59:37,1461.3,1400,1461.3,D
sh600519,贵州茅台,09:59:40,1461.31,501,1461.3,D
sh600519,贵州茅台,09:59:43,1461.5,500,1461.31,E
sh600519,贵州茅台,09:59:46,1461.31,200,1461.5,D
sh600519,贵州茅台,09:59:49,1461.33,500,1461.31,U
sh600519,贵州茅台,09:59:52,1461.31,300,1461.33,E
sh600519,贵州茅台,09:59:55,1461.31,700,1461.31,D
sh600519,贵州茅台,09:59:58,1461.28,200,1461.31,D
sh600519,贵州茅台,10:00:01,1461.33,500,1461.28,U
sh600519,贵州茅台,10:00:04,1461.01,2700,1461.33,D
sh600519,贵州茅台,10:00:07,1462.2,1000,1461.01,U
sh600519,贵州茅台,10:00:10,1461.42,1400,1462.2,D
sh600519,贵州茅台,10:00:13,1461.56,1300,1461.42,D
sh600519,贵州茅台,10:00:16,1462.72,900,1461.56,U
sh600519,贵州茅台,10:00:19,1462.94,900,1462.72,U
sh600519,贵州茅台,10:00:22,1462.66,400,1462.94,D
sh600519,贵州茅台,10:00:25,1462.7,200,1462.66,E
sh600519,贵州茅台,10:00:28,1462.23,300,1462.7,D
sh600519,贵州茅台,10:00:31,1462.68,300,1462.23,U
sh600519,贵州茅台,10:00:34,1462.23,400,1462.68,D
sh600519,贵州茅台,10:00:43,1462.68,200,1462.23,U
sh600519,贵州茅台,10:00:46,1462.23,200,1462.68,D
sh600519,贵州茅台,10:00:49,1462.24,300,1462.23,E
sh600519,贵州茅台,10:00:55,1462.64,300,1462.24,D
sh600519,贵州茅台,10:00:58,1462.67,1400,1462.64,U
sh600519,贵州茅台,10:01:07,1462.72,700,1462.67,U
sh600519,贵州茅台,10:01:13,1462.74,300,1462.73,U
sh600519,贵州茅台,10:01:16,1462.74,300,1462.74,U
sh600519,贵州茅台,10:01:19,1462.74,300,1462.74,E
sh600519,贵州茅台,10:01:22,1462.77,200,1462.74,U
sh600519,贵州茅台,10:01:25,1462.8,300,1462.77,U
sh600519,贵州茅台,10:01:28,1462.83,200,1462.8,U
sh600519,贵州茅台,10:01:31,1462.79,200,1462.83,D
sh600519,贵州茅台,10:01:34,1462.99,400,1462.79,U
sh600519,贵州茅台,10:01:37,1463.03,500,1462.99,U
sh600519,贵州茅台,10:01:40,1463.0,200,1463.03,E
sh600519,贵州茅台,10:01:49,1463.05,308,1463.0,U
sh600519,贵州茅台,10:01:52,1463.0,392,1463.05,D
sh600519,贵州茅台,10:01:58,1463.0,300,1463.0,D
sh600519,贵州茅台,10:02:04,1462.81,2792,1463.0,D
sh600519,贵州茅台,10:02:10,1462.77,1309,1462.81,D
sh600519,贵州茅台,10:02:13,1463.0,400,1462.77,U
sh600519,贵州茅台,10:02:28,1462.87,300,1462.93,D
sh600519,贵州茅台,10:02:34,1462.94,700,1462.88,U
sh600519,贵州茅台,10:02:40,1462.95,500,1462.94,U
sh600519,贵州茅台,10:02:43,1462.88,300,1462.95,D
sh600519,贵州茅台,10:02:46,1462.81,1000,1462.88,D
sh600519,贵州茅台,10:02:49,1462.72,800,1462.81,D
sh600519,贵州茅台,10:02:52,1462.69,300,1462.72,D
sh600519,贵州茅台,10:02:55,1462.23,800,1462.69,D
sh600519,贵州茅台,10:02:58,1462.0,800,1462.23,D
sh600519,贵州茅台,10:03:01,1461.59,800,1462.0,D
sh600519,贵州茅台,10:03:04,1462.0,1000,1461.59,U
sh600519,贵州茅台,10:03:07,1461.0,500,1462.0,D
sh600519,贵州茅台,10:03:10,1460.86,900,1461.0,D
sh600519,贵州茅台,10:03:13,1460.2,800,1460.86,D
sh600519,贵州茅台,10:03:16,1460.5,400,1460.2,E
sh600519,贵州茅台,10:03:19,1460.1,300,1460.5,D
sh600519,贵州茅台,10:03:22,1460.1,400,1460.1,D
sh600519,贵州茅台,10:03:25,1460.1,1000,1460.1,D
sh600519,贵州茅台,10:03:28,1460.15,500,1460.1,E
sh600519,贵州茅台,10:03:34,1460.15,500,1460.15,E
sh600519,贵州茅台,10:03:37,1460.1,600,1460.15,D
sh600519,贵州茅台,10:03:43,1460.1,400,1460.1,U
sh600519,贵州茅台,10:03:46,1460.09,900,1460.1,D
sh600519,贵州茅台,10:03:49,1460.1,200,1460.09,E
sh600519,贵州茅台,10:03:55,1460.15,700,1460.1,U
sh600519,贵州茅台,10:03:58,1460.12,400,1460.15,D
sh600519,贵州茅台,10:04:01,1460.12,500,1460.12,D
sh600519,贵州茅台,10:04:04,1460.21,1100,1460.12,U
sh600519,贵州茅台,10:04:07,1460.15,900,1460.21,D
sh600519,贵州茅台,10:04:10,1461.0,500,1460.15,U
sh600519,贵州茅台,10:04:16,1460.19,900,1461.0,D
sh600519,贵州茅台,10:04:19,1460.19,300,1460.19,D
sh600519,贵州茅台,10:04:25,1460.17,600,1460.19,D
sh600519,贵州茅台,10:04:28,1460.14,400,1460.17,D
sh600519,贵州茅台,10:04:31,1460.14,600,1460.14,D
sh600519,贵州茅台,10:04:34,1460.17,500,1460.14,U
sh600519,贵州茅台,10:04:37,1459.43,18600,1460.17,D
sh600519,贵州茅台,10:04:40,1459.66,900,1459.43,U
sh600519,贵州茅台,10:04:43,1459.42,800,1459.66,E
sh600519,贵州茅台,10:04:49,1459.0,1300,1459.42,D
sh600519,贵州茅台,10:04:52,1458.22,1000,1459.0,D
sh600519,贵州茅台,10:04:55,1459.06,800,1458.22,U
sh600519,贵州茅台,10:04:58,1458.22,200,1459.06,D
sh600519,贵州茅台,10:05:01,1458.22,200,1458.22,D
sh600519,贵州茅台,10:05:04,1459.2,1700,1458.22,U
sh600519,贵州茅台,10:05:07,1459.36,2500,1459.2,E
sh600519,贵州茅台,10:05:10,1460.18,2400,1459.36,U
sh600519,贵州茅台,10:05:13,1460.25,2100,1460.18,D
sh600519,贵州茅台,10:05:16,1460.25,400,1460.25,D
sh600519,贵州茅台,10:05:19,1459.88,700,1460.25,D
sh600519,贵州茅台,10:05:22,1458.93,2600,1459.88,D
sh600519,贵州茅台,10:05:28,1459.01,500,1459.35,D
sh600519,贵州茅台,10:05:31,1460.04,1100,1459.01,U
sh600519,贵州茅台,10:05:34,1459.27,600,1460.04,D
sh600519,贵州茅台,10:05:37,1460.25,400,1459.27,U
sh600519,贵州茅台,10:05:40,1460.0,1100,1460.25,E
sh600519,贵州茅台,10:05:43,1460.0,1600,1460.0,U
sh600519,贵州茅台,10:05:49,1460.0,300,1460.0,D
sh600519,贵州茅台,10:05:52,1459.35,300,1460.0,D
sh600519,贵州茅台,10:05:55,1459.27,400,1459.35,D
sh600519,贵州茅台,10:05:58,1459.24,400,1459.27,E
sh600519,贵州茅台,10:06:01,1459.4,700,1459.24,U
sh600519,贵州茅台,10:06:04,1460.5,8700,1459.4,U
sh600519,贵州茅台,10:06:07,1461.9,2100,1460.5,U
sh600519,贵州茅台,10:06:10,1461.04,600,1461.9,U
sh600519,贵州茅台,10:06:13,1461.0,300,1461.04,D
sh600519,贵州茅台,10:06:16,1461.95,800,1461.0,U
sh600519,贵州茅台,10:06:19,1461.0,500,1461.95,D
sh600519,贵州茅台,10:06:28,1461.95,200,1461.0,U
sh600519,贵州茅台,10:06:31,1461.95,400,1461.95,D
sh600519,贵州茅台,10:06:37,1461.98,300,1461.95,U
sh600519,贵州茅台,10:06:40,1461.05,800,1461.98,D
sh600519,贵州茅台,10:06:43,1461.05,200,1461.05,D
sh600519,贵州茅台,10:06:46,1461.79,400,1461.05,E
sh600519,贵州茅台,10:06:49,1461.06,500,1461.79,E
sh600519,贵州茅台,10:06:58,1461.0,400,1461.05,D
sh600519,贵州茅台,10:07:01,1460.9,200,1461.0,D
sh600519,贵州茅台,10:07:07,1461.04,400,1461.0,E
sh600519,贵州茅台,10:07:10,1461.07,400,1461.04,U
sh600519,贵州茅台,10:07:19,1460.04,1800,1460.81,D
sh600519,贵州茅台,10:07:22,1460.15,200,1460.04,D
sh600519,贵州茅台,10:07:25,1460.19,500,1460.15,E
sh600519,贵州茅台,10:07:28,1460.1,400,1460.19,D
sh600519,贵州茅台,10:07:31,1460.0,1500,1460.1,D
sh600519,贵州茅台,10:07:34,1460.0,1500,1460.0,U
sh600519,贵州茅台,10:07:37,1459.5,500,1460.0,D
sh600519,贵州茅台,10:07:40,1460.0,600,1459.5,U
sh600519,贵州茅台,10:07:43,1459.35,200,1460.0,D
sh600519,贵州茅台,10:07:49,1460.02,200,1459.35,U
sh600519,贵州茅台,10:07:52,1459.34,600,1460.02,D
sh600519,贵州茅台,10:08:01,1459.64,600,1460.02,U
sh600519,贵州茅台,10:08:04,1460.03,1900,1459.64,U
sh600519,贵州茅台,10:08:07,1459.64,1300,1460.03,D
sh600519,贵州茅台,10:08:10,1460.0,400,1459.64,U
sh600519,贵州茅台,10:08:13,1459.64,200,1460.0,D
sh600519,贵州茅台,10:08:25,1459.38,300,1459.38,D
sh600519,贵州茅台,10:08:28,1460.0,3700,1459.38,U
sh600519,贵州茅台,10:08:31,1459.1,2100,1460.0,D
sh600519,贵州茅台,10:08:34,1459.95,400,1459.1,E
sh600519,贵州茅台,10:08:40,1460.0,200,1459.38,U
sh600519,贵州茅台,10:08:43,1459.1,300,1460.0,D
sh600519,贵州茅台,10:08:49,1459.98,200,1459.13,E
sh600519,贵州茅台,10:08:58,1459.11,400,1459.11,D
sh600519,贵州茅台,10:09:01,1459.1,300,1459.11,D
sh600519,贵州茅台,10:09:04,1459.1,300,1459.1,D
sh600519,贵州茅台,10:09:07,1459.1,600,1459.1,D
sh600519,贵州茅台,10:09:10,1459.1,1900,1459.1,D
sh600519,贵州茅台,10:09:19,1459.1,200,1459.1,D
sh600519,贵州茅台,10:09:22,1459.79,200,1459.1,U
sh600519,贵州茅台,10:09:31,1460.8,5000,1459.38,U
sh600519,贵州茅台,10:09:34,1460.8,300,1460.8,U
sh600519,贵州茅台,10:09:37,1460.94,500,1460.8,D
sh600519,贵州茅台,10:09:46,1460.94,700,1460.94,D
sh600519,贵州茅台,10:09:52,1460.88,400,1460.94,D
sh600519,贵州茅台,10:09:58,1460.8,600,1460.88,D
sh600519,贵州茅台,10:10:07,1460.04,300,1460.04,D
sh600519,贵州茅台,10:10:10,1460.04,700,1460.04,D
sh600519,贵州茅台,10:10:13,1460.8,500,1460.04,U
sh600519,贵州茅台,10:10:22,1460.88,1500,1460.8,U
sh600519,贵州茅台,10:10:31,1460.9,600,1460.88,U
sh600519,贵州茅台,10:10:34,1460.94,500,1460.9,U
sh600519,贵州茅台,10:10:37,1461.1,500,1460.94,U
sh600519,贵州茅台,10:10:55,1461.99,200,1461.07,U
sh600519,贵州茅台,10:11:10,1462.0,1400,1461.8,U
sh600519,贵州茅台,10:11:16,1462.0,200,1462.0,D
sh600519,贵州茅台,10:11:19,1462.0,800,1462.0,D
sh600519,贵州茅台,10:11:22,1461.92,400,1462.0,D
sh600519,贵州茅台,10:11:28,1462.0,400,1461.92,U
sh600519,贵州茅台,10:11:31,1461.8,400,1462.0,D
sh600519,贵州茅台,10:11:34,1461.09,200,1461.8,E
sh600519,贵州茅台,10:11:40,1462.0,400,1461.09,U
sh600519,贵州茅台,10:11:43,1461.7,400,1462.0,E
sh600519,贵州茅台,10:11:49,1461.7,300,1461.7,U
sh600519,贵州茅台,10:11:55,1461.7,300,1461.7,D
sh600519,贵州茅台,10:11:58,1462.0,300,1461.7,U
sh600519,贵州茅台,10:12:01,1461.98,200,1462.0,E
sh600519,贵州茅台,10:12:07,1461.2,200,1461.22,D
sh600519,贵州茅台,10:12:13,1461.2,200,1461.2,D
sh600519,贵州茅台,10:12:19,1461.25,200,1461.2,D
sh600519,贵州茅台,10:12:25,1461.25,800,1461.25,D
sh600519,贵州茅台,10:12:28,1461.94,200,1461.25,U
sh600519,贵州茅台,10:12:37,1461.98,900,1461.98,U
sh600519,贵州茅台,10:12:40,1461.98,300,1461.98,U
sh600519,贵州茅台,10:12:43,1462.09,1400,1461.98,U
sh600519,贵州茅台,10:12:52,1462.1,300,1462.1,U
sh600519,贵州茅台,10:13:04,1462.23,400,1462.23,U
sh600519,贵州茅台,10:13:07,1462.32,300,1462.23,U
sh600519,贵州茅台,10:13:16,1462.23,800,1462.45,D
sh600519,贵州茅台,10:13:22,1462.26,200,1462.67,D
sh600519,贵州茅台,10:13:25,1462.68,300,1462.26,U
sh600519,贵州茅台,10:13:31,1462.15,200,1462.68,D
sh600519,贵州茅台,10:13:40,1462.68,200,1462.65,U
sh600519,贵州茅台,10:13:52,1462.5,200,1462.68,E
sh600519,贵州茅台,10:13:55,1462.15,400,1462.5,D
sh600519,贵州茅台,10:13:58,1462.15,300,1462.15,D
sh600519,贵州茅台,10:14:04,1462.13,300,1462.15,D
sh600519,贵州茅台,10:14:07,1462.14,200,1462.13,U
sh600519,贵州茅台,10:14:13,1462.0,1000,1462.14,D
sh600519,贵州茅台,10:14:19,1461.98,400,1462.0,D
sh600519,贵州茅台,10:14:22,1461.28,200,1461.98,D
sh600519,贵州茅台,10:14:37,1461.28,200,1461.65,D
sh600519,贵州茅台,10:14:40,1461.99,500,1461.28,U
sh600519,贵州茅台,10:14:52,1461.27,200,1461.28,D
sh600519,贵州茅台,10:14:58,1462.0,1000,1461.29,U
sh600519,贵州茅台,10:15:01,1462.15,200,1462.0,U
sh600519,贵州茅台,10:15:04,1462.11,300,1462.15,D
sh600519,贵州茅台,10:15:07,1462.11,200,1462.11,D
sh600519,贵州茅台,10:15:13,1462.12,400,1462.11,D
sh600519,贵州茅台,10:15:19,1462.12,200,1462.12,D
sh600519,贵州茅台,10:15:22,1462.15,200,1462.12,U
sh600519,贵州茅台,10:15:31,1462.68,1200,1462.02,U
sh600519,贵州茅台,10:15:34,1463.0,1200,1462.68,U
sh600519,贵州茅台,10:15:37,1463.75,500,1463.0,U
sh600519,贵州茅台,10:15:49,1463.6,300,1463.75,U
sh600519,贵州茅台,10:15:58,1463.6,200,1463.75,D
sh600519,贵州茅台,10:16:01,1463.6,300,1463.6,D
sh600519,贵州茅台,10:16:04,1463.18,600,1463.6,D
sh600519,贵州茅台,10:16:07,1462.9,200,1463.18,D
sh600519,贵州茅台,10:16:10,1462.69,200,1462.9,D
sh600519,贵州茅台,10:16:13,1462.69,200,1462.69,D
sh600519,贵州茅台,10:16:19,1462.69,200,1462.42,E
sh600519,贵州茅台,10:16:22,1462.69,200,1462.69,U
sh600519,贵州茅台,10:16:34,1462.68,200,1462.67,U
sh600519,贵州茅台,10:16:37,1462.25,200,1462.68,D
sh600519,贵州茅台,10:16:49,1462.32,500,1462.25,D
sh600519,贵州茅台,10:16:55,1462.37,300,1462.32,D
sh600519,贵州茅台,10:17:01,1462.26,300,1462.37,D
sh600519,贵州茅台,10:17:07,1462.26,200,1462.37,D
sh600519,贵州茅台,10:17:13,1462.37,200,1462.26,E
sh600519,贵州茅台,10:17:16,1462.24,700,1462.37,D
sh600519,贵州茅台,10:17:22,1462.65,200,1462.24,U
sh600519,贵州茅台,10:17:31,1462.24,300,1462.65,D
sh600519,贵州茅台,10:17:40,1462.24,400,1462.24,D
sh600519,贵州茅台,10:17:58,1462.22,200,1462.24,E
sh600519,贵州茅台,10:18:04,1462.2,400,1462.22,U
sh600519,贵州茅台,10:18:07,1462.24,2000,1462.2,U
sh600519,贵州茅台,10:18:10,1462.26,700,1462.24,U
sh600519,贵州茅台,10:18:13,1462.2,400,1462.26,D
sh600519,贵州茅台,10:18:28,1462.04,600,1462.12,D
sh600519,贵州茅台,10:18:31,1462.0,400,1462.04,D
sh600519,贵州茅台,10:18:34,1462.04,200,1462.0,U
sh600519,贵州茅台,10:18:49,1462.02,300,1461.9,U
sh600519,贵州茅台,10:19:01,1461.99,700,1461.8,U
sh600519,贵州茅台,10:19:04,1461.8,700,1461.99,D
sh600519,贵州茅台,10:19:10,1462.2,500,1461.8,U
sh600519,贵州茅台,10:19:13,1462.11,300,1462.2,D
sh600519,贵州茅台,10:19:16,1462.24,600,1462.11,U
sh600519,贵州茅台,10:19:31,1462.11,300,1462.29,D
sh600519,贵州茅台,10:19:34,1462.3,200,1462.11,U
sh600519,贵州茅台,10:19:46,1461.81,200,1461.81,D
sh600519,贵州茅台,10:19:52,1461.99,200,1461.99,U
sh600519,贵州茅台,10:19:58,1461.7,400,1461.8,U
sh600519,贵州茅台,10:20:07,1461.7,700,1461.7,U
sh600519,贵州茅台,10:20:13,1461.28,600,1461.7,D
sh600519,贵州茅台,10:20:31,1461.08,667,1461.7,D
sh600519,贵州茅台,10:20:34,1461.1,433,1461.08,U
sh600519,贵州茅台,10:20:49,1461.1,600,1461.1,E
sh600519,贵州茅台,10:20:58,1461.5,300,1461.1,U
sh600519,贵州茅台,10:21:01,1461.7,1000,1461.5,U
sh600519,贵州茅台,10:21:10,1461.5,200,1461.7,D
sh600519,贵州茅台,10:21:22,1461.13,200,1461.7,D
sh600519,贵州茅台,10:21:28,1461.7,600,1461.13,U
sh600519,贵州茅台,10:21:34,1461.7,700,1461.7,U
sh600519,贵州茅台,10:21:37,1461.69,300,1461.7,D
sh600519,贵州茅台,10:21:49,1461.7,300,1461.69,U
sh600519,贵州茅台,10:21:55,1461.7,200,1461.7,U
sh600519,贵州茅台,10:21:58,1461.7,200,1461.7,U
sh600519,贵州茅台,10:22:01,1461.7,400,1461.7,U
sh600519,贵州茅台,10:22:04,1461.69,200,1461.7,D
sh600519,贵州茅台,10:22:07,1461.7,600,1461.69,U
sh600519,贵州茅台,10:22:10,1461.59,200,1461.7,D
sh600519,贵州茅台,10:22:16,1461.61,500,1461.59,D
sh600519,贵州茅台,10:22:19,1461.2,300,1461.61,D
sh600519,贵州茅台,10:22:25,1461.67,400,1461.2,E
sh600519,贵州茅台,10:22:37,1461.69,200,1461.67,U
sh600519,贵州茅台,10:22:46,1461.15,200,1461.69,E
sh600519,贵州茅台,10:22:49,1461.15,200,1461.15,D
sh600519,贵州茅台,10:23:01,1461.7,500,1461.69,U
sh600519,贵州茅台,10:23:04,1461.69,500,1461.7,D
sh600519,贵州茅台,10:23:16,1461.5,600,1461.69,D
sh600519,贵州茅台,10:23:31,1461.5,200,1461.68,E
sh600519,贵州茅台,10:23:37,1461.68,200,1461.5,U
sh600519,贵州茅台,10:23:40,1461.13,200,1461.68,D
sh600519,贵州茅台,10:23:43,1461.13,200,1461.13,D
sh600519,贵州茅台,10:23:46,1461.12,300,1461.13,D
sh600519,贵州茅台,10:23:49,1461.0,1800,1461.12,D
sh600519,贵州茅台,10:24:04,1460.61,300,1460.88,D
sh600519,贵州茅台,10:24:22,1460.5,600,1460.5,D
sh600519,贵州茅台,10:24:25,1460.2,400,1460.5,D
sh600519,贵州茅台,10:24:31,1460.56,200,1460.2,U
sh600519,贵州茅台,10:24:34,1460.2,300,1460.56,D
sh600519,贵州茅台,10:24:40,1460.07,300,1460.07,E
sh600519,贵州茅台,10:24:43,1460.2,600,1460.07,U
sh600519,贵州茅台,10:24:46,1459.99,4200,1460.2,D
sh600519,贵州茅台,10:24:49,1459.79,400,1459.99,D
sh600519,贵州茅台,10:24:52,1459.5,500,1459.79,D
sh600519,贵州茅台,10:24:55,1459.79,200,1459.5,U
sh600519,贵州茅台,10:25:01,1460.0,500,1459.27,U
sh600519,贵州茅台,10:25:07,1459.29,800,1459.28,D
sh600519,贵州茅台,10:25:22,1460.07,200,1460.07,U
sh600519,贵州茅台,10:25:34,1459.41,300,1460.07,D
sh600519,贵州茅台,10:25:37,1460.06,200,1459.41,U
sh600519,贵州茅台,10:25:43,1459.41,200,1460.06,D
sh600519,贵州茅台,10:25:52,1459.41,500,1459.41,E
sh600519,贵州茅台,10:25:58,1459.42,300,1459.4,E
sh600519,贵州茅台,10:26:04,1459.4,400,1459.41,D
sh600519,贵州茅台,10:26:07,1459.42,600,1459.4,E
sh600519,贵州茅台,10:26:16,1459.42,500,1459.42,D
sh600519,贵州茅台,10:26:19,1460.04,200,1459.42,U
sh600519,贵州茅台,10:26:22,1459.42,200,1460.04,D
sh600519,贵州茅台,10:26:25,1460.05,200,1459.42,U
sh600519,贵州茅台,10:26:52,1459.5,900,1459.43,D
sh600519,贵州茅台,10:26:55,1459.5,200,1459.5,U
sh600519,贵州茅台,10:26:58,1459.42,300,1459.5,D
sh600519,贵州茅台,10:27:07,1459.33,2900,1459.42,D
sh600519,贵州茅台,10:27:10,1459.33,200,1459.33,U
sh600519,贵州茅台,10:27:13,1459.4,800,1459.33,U
sh600519,贵州茅台,10:27:22,1459.2,700,1459.4,D
sh600519,贵州茅台,10:27:25,1459.42,300,1459.2,U
sh600519,贵州茅台,10:27:28,1459.64,1800,1459.42,U
sh600519,贵州茅台,10:27:31,1460.07,400,1459.64,U
sh600519,贵州茅台,10:27:34,1460.07,200,1460.07,U
sh600519,贵州茅台,10:27:40,1459.5,300,1460.07,D
sh600519,贵州茅台,10:27:55,1460.34,300,1460.34,D
sh600519,贵州茅台,10:28:01,1460.34,200,1460.34,U
sh600519,贵州茅台,10:28:07,1460.6,700,1460.0,U
sh600519,贵州茅台,10:28:10,1460.7,200,1460.6,U
sh600519,贵州茅台,10:28:13,1461.1,1400,1460.7,U
sh600519,贵州茅台,10:28:34,1460.74,1200,1460.79,D
sh600519,贵州茅台,10:28:52,1460.6,200,1460.6,D
sh600519,贵州茅台,10:28:55,1460.0,500,1460.6,D
sh600519,贵州茅台,10:28:58,1460.79,200,1460.0,D
sh600519,贵州茅台,10:29:01,1460.79,400,1460.79,U
sh600519,贵州茅台,10:29:07,1461.0,200,1460.79,U
sh600519,贵州茅台,10:29:37,1461.5,200,1461.5,U
sh600519,贵州茅台,10:29:40,1461.5,400,1461.5,U
sh600519,贵州茅台,10:29:43,1461.5,400,1461.5,U
sh600519,贵州茅台,10:29:49,1461.5,300,1461.49,U
sh600519,贵州茅台,10:29:55,1461.49,700,1461.5,D
sh600519,贵州茅台,10:30:07,1460.95,800,1461.5,D
sh600519,贵州茅台,10:30:13,1460.26,1400,1460.26,D
sh600519,贵州茅台,10:30:19,1461.1,200,1460.26,U
sh600519,贵州茅台,10:30:22,1460.08,400,1461.1,D
sh600519,贵州茅台,10:30:31,1460.09,200,1460.08,D
sh600519,贵州茅台,10:30:37,1459.53,2100,1460.09,D
sh600519,贵州茅台,10:30:43,1459.98,300,1459.53,E
sh600519,贵州茅台,10:30:52,1459.64,300,1459.64,D
sh600519,贵州茅台,10:30:55,1460.26,600,1459.64,U
sh600519,贵州茅台,10:31:04,1459.64,400,1460.26,D
sh600519,贵州茅台,10:31:10,1459.5,200,1459.5,D
sh600519,贵州茅台,10:31:13,1459.5,500,1459.5,D
sh600519,贵州茅台,10:31:16,1459.4,200,1459.5,D
sh600519,贵州茅台,10:31:25,1459.25,1100,1459.4,D
sh600519,贵州茅台,10:31:28,1459.25,700,1459.25,D
sh600519,贵州茅台,10:31:37,1459.21,300,1459.25,D
sh600519,贵州茅台,10:31:40,1459.21,200,1459.21,E
sh600519,贵州茅台,10:31:52,1459.0,4700,1459.4,D
sh600519,贵州茅台,10:31:55,1459.0,2100,1459.0,D
sh600519,贵州茅台,10:32:01,1459.0,200,1459.0,D
sh600519,贵州茅台,10:32:04,1459.0,400,1459.0,U
sh600519,贵州茅台,10:32:07,1458.88,700,1459.0,D
sh600519,贵州茅台,10:32:16,1459.12,700,1458.88,U
sh600519,贵州茅台,10:32:19,1459.03,400,1459.12,E
sh600519,贵州茅台,10:32:22,1459.03,200,1459.03,D
sh600519,贵州茅台,10:32:28,1459.02,420,1459.03,D
sh600519,贵州茅台,10:32:31,1459.03,200,1459.02,D
sh600519,贵州茅台,10:32:46,1459.45,200,1459.45,U
sh600519,贵州茅台,10:32:49,1459.54,2400,1459.45,U
sh600519,贵州茅台,10:32:58,1459.55,300,1459.54,U
sh600519,贵州茅台,10:33:01,1459.55,400,1459.55,U
sh600519,贵州茅台,10:33:04,1459.45,300,1459.55,D
sh600519,贵州茅台,10:33:16,1459.64,200,1459.62,U
sh600519,贵州茅台,10:33:19,1459.64,400,1459.64,U
sh600519,贵州茅台,10:33:28,1459.55,200,1459.64,D
sh600519,贵州茅台,10:33:31,1459.64,300,1459.55,U
sh600519,贵州茅台,10:33:37,1459.55,400,1459.64,D
sh600519,贵州茅台,10:33:46,1459.56,200,1459.56,U
sh600519,贵州茅台,10:33:52,1459.55,200,1459.56,D
sh600519,贵州茅台,10:34:04,1459.56,200,1459.56,U
sh600519,贵州茅台,10:34:07,1459.55,400,1459.56,D
sh600519,贵州茅台,10:34:10,1459.55,400,1459.55,D
sh600519,贵州茅台,10:34:19,1459.55,200,1459.55,U
sh600519,贵州茅台,10:34:37,1459.56,400,1459.55,U
sh600519,贵州茅台,10:35:04,1459.55,300,1459.55,D
sh600519,贵州茅台,10:35:07,1460.0,3600,1459.55,U
sh600519,贵州茅台,10:35:13,1460.26,400,1460.0,U
sh600519,贵州茅台,10:35:31,1460.98,400,1460.26,U
sh600519,贵州茅台,10:35:40,1461.0,200,1460.81,U
sh600519,贵州茅台,10:35:46,1461.18,300,1461.0,U
sh600519,贵州茅台,10:35:52,1461.18,300,1461.18,U
sh600519,贵州茅台,10:36:04,1461.05,200,1461.04,D
sh600519,贵州茅台,10:36:10,1461.57,500,1461.05,U
sh600519,贵州茅台,10:36:28,1461.55,200,1461.56,E
sh600519,贵州茅台,10:36:31,1461.57,200,1461.55,U
sh600519,贵州茅台,10:36:37,1461.57,600,1461.57,U
sh600519,贵州茅台,10:36:40,1461.56,300,1461.57,D
sh600519,贵州茅台,10:36:43,1461.56,500,1461.56,D
sh600519,贵州茅台,10:36:49,1461.5,600,1461.56,D
sh600519,贵州茅台,10:37:01,1461.4,200,1461.4,D
sh600519,贵州茅台,10:37:07,1461.4,200,1461.4,D
sh600519,贵州茅台,10:37:28,1461.39,400,1461.4,U
sh600519,贵州茅台,10:37:46,1461.39,300,1461.19,U
sh600519,贵州茅台,10:37:49,1461.39,500,1461.39,D
sh600519,贵州茅台,10:37:52,1461.56,1800,1461.39,U
sh600519,贵州茅台,10:37:55,1461.69,300,1461.56,U
sh600519,贵州茅台,10:37:58,1461.7,500,1461.69,U
sh600519,贵州茅台,10:38:01,1461.61,500,1461.7,D
sh600519,贵州茅台,10:38:16,1461.99,300,1461.81,U
sh600519,贵州茅台,10:38:28,1462.0,300,1461.99,U
sh600519,贵州茅台,10:38:34,1462.0,600,1462.0,U
sh600519,贵州茅台,10:38:37,1462.0,300,1462.0,U
sh600519,贵州茅台,10:38:40,1462.0,200,1462.0,U
sh600519,贵州茅台,10:38:49,1462.0,200,1462.0,U
sh600519,贵州茅台,10:39:04,1462.1,800,1462.0,U
sh600519,贵州茅台,10:39:07,1462.12,1434,1462.1,E
sh600519,贵州茅台,10:39:10,1462.12,900,1462.12,D
sh600519,贵州茅台,10:39:19,1462.23,300,1462.12,U
sh600519,贵州茅台,10:39:25,1462.24,300,1462.23,U
sh600519,贵州茅台,10:39:28,1462.24,200,1462.24,U
sh600519,贵州茅台,10:39:34,1462.5,300,1462.24,U
sh600519,贵州茅台,10:39:40,1462.6,400,1462.5,U
sh600519,贵州茅台,10:40:10,1463.0,500,1462.65,U
sh600519,贵州茅台,10:40:19,1462.99,200,1463.0,U
sh600519,贵州茅台,10:40:25,1462.99,200,1462.99,U
sh600519,贵州茅台,10:40:28,1462.99,200,1462.99,U
sh600519,贵州茅台,10:40:37,1462.99,300,1462.99,U
sh600519,贵州茅台,10:40:40,1462.98,200,1462.99,D
sh600519,贵州茅台,10:40:49,1463.0,400,1462.99,U
sh600519,贵州茅台,10:40:52,1463.14,900,1463.0,U
sh600519,贵州茅台,10:41:07,1463.67,200,1463.6,U
sh600519,贵州茅台,10:41:19,1463.75,400,1463.7,U
sh600519,贵州茅台,10:41:25,1464.0,600,1463.87,U
sh600519,贵州茅台,10:41:37,1463.96,1000,1464.0,D
sh600519,贵州茅台,10:41:43,1463.75,400,1463.86,D
sh600519,贵州茅台,10:41:49,1463.68,500,1463.96,D
sh600519,贵州茅台,10:42:07,1463.93,200,1463.95,E
sh600519,贵州茅台,10:42:13,1463.95,1100,1463.93,U
sh600519,贵州茅台,10:42:16,1463.95,300,1463.95,D
sh600519,贵州茅台,10:42:28,1463.95,200,1463.96,U
sh600519,贵州茅台,10:42:46,1463.93,600,1463.9,U
sh600519,贵州茅台,10:42:55,1463.93,500,1463.94,D
sh600519,贵州茅台,10:43:01,1463.83,300,1463.93,D
sh600519,贵州茅台,10:43:04,1463.92,400,1463.83,E
sh600519,贵州茅台,10:43:10,1463.8,200,1463.83,D
sh600519,贵州茅台,10:43:13,1463.76,600,1463.8,D
sh600519,贵州茅台,10:43:19,1463.63,300,1463.76,E
sh600519,贵州茅台,10:43:22,1463.79,200,1463.63,U
sh600519,贵州茅台,10:43:25,1463.69,400,1463.79,E
sh600519,贵州茅台,10:43:31,1462.99,200,1463.69,D
sh600519,贵州茅台,10:43:43,1462.98,300,1462.99,D
sh600519,贵州茅台,10:43:52,1462.89,200,1462.99,D
sh600519,贵州茅台,10:44:04,1462.89,200,1463.0,D
sh600519,贵州茅台,10:44:19,1463.6,500,1462.89,U
sh600519,贵州茅台,10:44:34,1463.6,500,1463.6,U
sh600519,贵州茅台,10:44:49,1462.9,200,1463.6,D
sh600519,贵州茅台,10:44:55,1463.6,300,1462.91,U
sh600519,贵州茅台,10:44:58,1463.68,200,1463.6,U
sh600519,贵州茅台,10:45:01,1463.26,200,1463.68,D
sh600519,贵州茅台,10:45:10,1463.26,500,1463.26,D
sh600519,贵州茅台,10:45:13,1463.49,400,1463.26,U
sh600519,贵州茅台,10:45:19,1463.5,200,1463.49,U
sh600519,贵州茅台,10:45:37,1462.93,300,1462.93,D
sh600519,贵州茅台,10:45:46,1463.24,600,1462.93,U
sh600519,贵州茅台,10:45:49,1463.24,200,1463.24,U
sh600519,贵州茅台,10:45:58,1463.25,200,1463.24,U
sh600519,贵州茅台,10:46:07,1463.29,700,1463.34,D
sh600519,贵州茅台,10:46:10,1462.93,200,1463.29,D
sh600519,贵州茅台,10:46:13,1462.5,300,1462.93,D
sh600519,贵州茅台,10:46:19,1462.5,300,1462.01,U
sh600519,贵州茅台,10:46:25,1462.0,300,1462.02,D
sh600519,贵州茅台,10:46:28,1463.0,300,1462.0,U
sh600519,贵州茅台,10:46:31,1462.5,200,1463.0,D
sh600519,贵州茅台,10:46:40,1463.28,200,1462.51,U
sh600519,贵州茅台,10:46:52,1463.29,300,1462.96,U
sh600519,贵州茅台,10:47:07,1462.96,700,1462.96,U
sh600519,贵州茅台,10:47:13,1463.29,500,1462.96,U
sh600519,贵州茅台,10:47:16,1462.51,300,1463.29,E
sh600519,贵州茅台,10:47:22,1463.29,300,1462.51,U
sh600519,贵州茅台,10:47:31,1463.79,3400,1463.29,U
sh600519,贵州茅台,10:47:34,1463.93,400,1463.79,U
sh600519,贵州茅台,10:47:37,1463.95,500,1463.93,U
sh600519,贵州茅台,10:47:40,1464.0,200,1463.95,U
sh600519,贵州茅台,10:47:43,1464.31,600,1464.0,U
sh600519,贵州茅台,10:47:46,1463.95,500,1464.31,D
sh600519,贵州茅台,10:47:52,1464.95,200,1463.99,U
sh600519,贵州茅台,10:48:04,1464.62,400,1464.95,U
sh600519,贵州茅台,10:48:07,1464.94,1000,1464.62,U
sh600519,贵州茅台,10:48:10,1464.78,1000,1464.94,E
sh600519,贵州茅台,10:48:13,1465.0,700,1464.78,U
sh600519,贵州茅台,10:48:19,1464.01,200,1464.63,D
sh600519,贵州茅台,10:48:31,1463.95,700,1464.01,D
sh600519,贵州茅台,10:48:34,1463.8,200,1463.95,D
sh600519,贵州茅台,10:48:37,1462.68,500,1463.8,D
sh600519,贵州茅台,10:48:40,1463.6,700,1462.68,E
sh600519,贵州茅台,10:48:46,1463.0,300,1463.6,D
sh600519,贵州茅台,10:48:52,1464.44,500,1463.0,U
sh600519,贵州茅台,10:48:55,1462.95,200,1464.44,D
sh600519,贵州茅台,10:49:01,1463.47,400,1462.95,U
sh600519,贵州茅台,10:49:04,1462.97,300,1463.47,D
sh600519,贵州茅台,10:49:13,1462.95,400,1464.06,D
sh600519,贵州茅台,10:49:16,1462.7,900,1462.95,D
sh600519,贵州茅台,10:49:22,1462.6,200,1462.7,D
sh600519,贵州茅台,10:49:25,1462.61,200,1462.6,D
sh600519,贵州茅台,10:49:31,1462.58,800,1462.93,D
sh600519,贵州茅台,10:49:43,1462.58,300,1462.58,E
sh600519,贵州茅台,10:49:46,1462.58,400,1462.58,U
sh600519,贵州茅台,10:49:55,1462.67,300,1462.47,U
sh600519,贵州茅台,10:50:01,1462.69,400,1462.67,E
sh600519,贵州茅台,10:50:04,1463.35,3300,1462.69,U
sh600519,贵州茅台,10:50:07,1463.22,200,1463.35,E
sh600519,贵州茅台,10:50:13,1462.93,200,1463.35,D
sh600519,贵州茅台,10:50:28,1463.31,700,1463.0,E
sh600519,贵州茅台,10:50:31,1463.62,400,1463.31,U
sh600519,贵州茅台,10:50:52,1463.35,400,1463.0,U
sh600519,贵州茅台,10:50:55,1463.35,200,1463.35,U
sh600519,贵州茅台,10:51:04,1463.66,500,1463.45,U
sh600519,贵州茅台,10:51:07,1463.06,300,1463.66,D
sh600519,贵州茅台,10:51:16,1463.54,800,1463.35,U
sh600519,贵州茅台,10:51:25,1463.1,300,1463.48,D
sh600519,贵州茅台,10:51:28,1463.53,600,1463.1,U
sh600519,贵州茅台,10:51:34,1463.06,200,1463.09,D
sh600519,贵州茅台,10:51:37,1463.03,500,1463.06,D
sh600519,贵州茅台,10:51:40,1463.53,800,1463.03,U
sh600519,贵州茅台,10:51:43,1463.53,2700,1463.53,D
sh600519,贵州茅台,10:51:46,1463.54,500,1463.53,U
sh600519,贵州茅台,10:51:52,1463.44,300,1463.54,U
sh600519,贵州茅台,10:51:55,1463.44,200,1463.44,D
sh600519,贵州茅台,10:51:58,1463.54,2100,1463.44,U
sh600519,贵州茅台,10:52:01,1463.54,200,1463.54,U
sh600519,贵州茅台,10:52:07,1463.54,700,1463.54,U
sh600519,贵州茅台,10:52:10,1463.83,2700,1463.54,U
sh600519,贵州茅台,10:52:22,1463.7,200,1463.66,D
sh600519,贵州茅台,10:52:25,1463.55,300,1463.7,D
sh600519,贵州茅台,10:52:31,1463.55,200,1463.55,D
sh600519,贵州茅台,10:52:37,1463.66,400,1463.55,U
sh600519,贵州茅台,10:52:46,1463.0,1900,1463.66,D
sh600519,贵州茅台,10:52:49,1463.0,700,1463.0,U
sh600519,贵州茅台,10:52:52,1463.66,600,1463.0,U
sh600519,贵州茅台,10:52:55,1463.91,300,1463.66,U
sh600519,贵州茅台,10:53:01,1463.99,600,1463.66,U
sh600519,贵州茅台,10:53:13,1463.68,300,1463.99,D
sh600519,贵州茅台,10:53:19,1464.3,200,1463.68,U
sh600519,贵州茅台,10:53:22,1464.33,200,1464.3,U
sh600519,贵州茅台,10:53:28,1463.71,200,1464.33,E
sh600519,贵州茅台,10:53:31,1464.35,400,1463.71,U
sh600519,贵州茅台,10:53:34,1463.69,1100,1464.35,D
sh600519,贵州茅台,10:53:37,1463.69,200,1463.69,U
sh600519,贵州茅台,10:53:46,1464.4,200,1463.69,D
sh600519,贵州茅台,10:53:58,1464.44,400,1464.4,U
sh600519,贵州茅台,10:54:01,1464.69,400,1464.44,U
sh600519,贵州茅台,10:54:04,1464.69,200,1464.69,D
sh600519,贵州茅台,10:54:10,1465.0,300,1465.0,U
sh600519,贵州茅台,10:54:13,1465.0,1700,1465.0,U
sh600519,贵州茅台,10:54:16,1466.0,2200,1465.0,U
sh600519,贵州茅台,10:54:19,1467.0,1900,1466.0,U
sh600519,贵州茅台,10:54:22,1467.14,1000,1467.0,U
sh600519,贵州茅台,10:54:25,1467.0,300,1467.14,U
sh600519,贵州茅台,10:54:40,1466.71,500,1465.76,U
sh600519,贵州茅台,10:54:46,1465.8,300,1466.7,D
sh600519,贵州茅台,10:54:49,1466.5,300,1465.8,E
sh600519,贵州茅台,10:54:52,1466.5,200,1466.5,U
sh600519,贵州茅台,10:54:58,1466.49,800,1466.5,D
sh600519,贵州茅台,10:55:01,1466.5,1000,1466.49,U
sh600519,贵州茅台,10:55:04,1466.7,600,1466.5,U
sh600519,贵州茅台,10:55:07,1466.64,1500,1466.7,D
sh600519,贵州茅台,10:55:10,1467.0,1600,1466.64,U
sh600519,贵州茅台,10:55:13,1466.6,400,1467.0,U
sh600519,贵州茅台,10:55:16,1466.5,300,1466.6,D
sh600519,贵州茅台,10:55:25,1466.4,800,1466.4,U
sh600519,贵州茅台,10:55:28,1466.6,1100,1466.4,U
sh600519,贵州茅台,10:55:31,1466.64,500,1466.6,U
sh600519,贵州茅台,10:55:46,1467.0,1000,1466.6,U
sh600519,贵州茅台,10:55:49,1467.0,800,1467.0,D
sh600519,贵州茅台,10:55:58,1467.0,200,1466.79,U
sh600519,贵州茅台,10:56:01,1467.02,600,1467.0,U
sh600519,贵州茅台,10:56:04,1466.79,500,1467.02,D
sh600519,贵州茅台,10:56:07,1466.61,300,1466.79,D
sh600519,贵州茅台,10:56:19,1466.77,400,1466.79,U
sh600519,贵州茅台,10:56:22,1466.6,200,1466.77,E
sh600519,贵州茅台,10:56:28,1464.76,1000,1465.7,E
sh600519,贵州茅台,10:56:31,1465.01,200,1464.76,D
sh600519,贵州茅台,10:56:34,1465.93,200,1465.01,U
sh600519,贵州茅台,10:56:37,1466.42,600,1465.93,U
sh600519,贵州茅台,10:56:40,1465.0,400,1466.42,E
sh600519,贵州茅台,10:56:43,1465.0,1400,1465.0,U
sh600519,贵州茅台,10:56:49,1466.41,500,1465.0,U
sh600519,贵州茅台,10:56:52,1465.1,300,1466.41,E
sh600519,贵州茅台,10:56:55,1465.16,200,1465.1,E
sh600519,贵州茅台,10:56:58,1466.4,200,1465.16,U
sh600519,贵州茅台,10:57:01,1465.26,500,1466.4,D
sh600519,贵州茅台,10:57:04,1466.0,300,1465.26,U
sh600519,贵州茅台,10:57:10,1465.9,400,1465.3,E
sh600519,贵州茅台,10:57:13,1466.0,900,1465.9,U
sh600519,贵州茅台,10:57:16,1465.07,300,1466.0,D
sh600519,贵州茅台,10:57:22,1465.03,300,1466.03,D
sh600519,贵州茅台,10:57:25,1465.0,300,1465.03,D
sh600519,贵州茅台,10:57:28,1465.94,400,1465.0,U
sh600519,贵州茅台,10:57:34,1464.36,200,1465.94,D
sh600519,贵州茅台,10:57:37,1464.29,500,1464.36,D
sh600519,贵州茅台,10:57:40,1464.01,300,1464.29,D
sh600519,贵州茅台,10:57:43,1464.08,200,1464.01,E
sh600519,贵州茅台,10:57:46,1465.75,200,1464.08,U
sh600519,贵州茅台,10:57:49,1465.07,1400,1465.75,D
sh600519,贵州茅台,10:57:55,1465.08,400,1465.07,D
sh600519,贵州茅台,10:58:01,1466.29,1600,1465.1,U
sh600519,贵州茅台,10:58:04,1466.29,200,1466.29,U
sh600519,贵州茅台,10:58:13,1465.05,200,1464.63,E
sh600519,贵州茅台,10:58:19,1465.04,300,1465.05,D
sh600519,贵州茅台,10:58:28,1465.04,200,1465.04,E
sh600519,贵州茅台,10:58:37,1465.03,200,1465.04,D
sh600519,贵州茅台,10:58:40,1465.99,400,1465.03,U
sh600519,贵州茅台,10:58:43,1465.01,200,1465.99,D
sh600519,贵州茅台,10:58:55,1465.02,300,1465.01,E
sh600519,贵州茅台,10:59:04,1464.64,1500,1465.03,D
sh600519,贵州茅台,10:59:07,1464.33,600,1464.64,D
sh600519,贵州茅台,10:59:16,1464.63,200,1465.1,D
sh600519,贵州茅台,10:59:28,1464.63,300,1465.01,U
sh600519,贵州茅台,10:59:34,1464.33,500,1464.63,D
sh600519,贵州茅台,10:59:40,1464.1,200,1464.6,D
sh600519,贵州茅台,10:59:43,1464.6,300,1464.1,U
sh600519,贵州茅台,11:00:19,1464.03,700,1464.05,D
sh600519,贵州茅台,11:00:22,1464.01,400,1464.03,D
sh600519,贵州茅台,11:00:25,1463.95,1000,1464.01,D
sh600519,贵州茅台,11:00:28,1463.48,200,1463.95,D
sh600519,贵州茅台,11:00:31,1463.0,300,1463.48,D
sh600519,贵州茅台,11:00:40,1463.92,500,1463.0,U
sh600519,贵州茅台,11:00:49,1462.67,200,1462.88,D
sh600519,贵州茅台,11:00:52,1463.88,200,1462.67,E
sh600519,贵州茅台,11:00:55,1463.89,300,1463.88,U
sh600519,贵州茅台,11:01:01,1463.89,200,1463.89,U
sh600519,贵州茅台,11:01:16,1463.05,300,1463.58,D
sh600519,贵州茅台,11:01:25,1463.8,200,1463.07,U
sh600519,贵州茅台,11:01:28,1463.05,200,1463.8,D
sh600519,贵州茅台,11:01:37,1463.89,400,1463.89,U
sh600519,贵州茅台,11:01:40,1463.93,400,1463.89,U
sh600519,贵州茅台,11:01:43,1463.05,200,1463.93,D
sh600519,贵州茅台,11:01:49,1463.95,500,1463.05,U
sh600519,贵州茅台,11:01:52,1463.06,200,1463.95,E
sh600519,贵州茅台,11:01:55,1463.07,200,1463.06,D
sh600519,贵州茅台,11:01:58,1463.16,200,1463.07,E
sh600519,贵州茅台,11:02:04,1463.95,200,1463.95,U
sh600519,贵州茅台,11:02:07,1463.07,300,1463.95,D
sh600519,贵州茅台,11:02:10,1463.04,900,1463.07,D
sh600519,贵州茅台,11:02:19,1463.91,1000,1463.0,E
sh600519,贵州茅台,11:02:22,1463.04,300,1463.91,E
sh600519,贵州茅台,11:02:25,1463.9,400,1463.04,U
sh600519,贵州茅台,11:02:28,1463.04,300,1463.9,D
sh600519,贵州茅台,11:02:31,1463.94,400,1463.04,U
sh600519,贵州茅台,11:02:37,1463.97,200,1463.94,U
sh600519,贵州茅台,11:02:43,1463.04,200,1463.97,D
sh600519,贵州茅台,11:02:49,1463.04,300,1463.04,D
sh600519,贵州茅台,11:02:55,1463.0,500,1463.9,D
sh600519,贵州茅台,11:02:58,1462.97,200,1463.0,D
sh600519,贵州茅台,11:03:01,1463.88,200,1462.97,U
sh600519,贵州茅台,11:03:04,1463.86,400,1463.88,E
sh600519,贵州茅台,11:03:07,1462.46,400,1463.86,E
sh600519,贵州茅台,11:03:10,1462.53,400,1462.46,E
sh600519,贵州茅台,11:03:13,1463.0,300,1462.53,E
sh600519,贵州茅台,11:03:16,1462.53,300,1463.0,E
sh600519,贵州茅台,11:03:25,1463.0,500,1463.0,U
sh600519,贵州茅台,11:03:31,1463.0,200,1463.0,E
sh600519,贵州茅台,11:03:34,1463.0,200,1463.0,U
sh600519,贵州茅台,11:03:40,1462.54,200,1463.83,D
sh600519,贵州茅台,11:03:43,1463.1,300,1462.54,E
sh600519,贵州茅台,11:04:01,1463.0,500,1463.81,D
sh600519,贵州茅台,11:04:07,1463.01,500,1463.0,E
sh600519,贵州茅台,11:04:13,1463.82,500,1463.0,U
sh600519,贵州茅台,11:04:16,1463.0,400,1463.82,D
sh600519,贵州茅台,11:04:37,1462.5,600,1462.51,D
sh600519,贵州茅台,11:04:40,1462.43,500,1462.5,D
sh600519,贵州茅台,11:04:43,1462.43,200,1462.43,U
sh600519,贵州茅台,11:04:46,1462.51,500,1462.43,U
sh600519,贵州茅台,11:04:49,1463.0,300,1462.51,U
sh600519,贵州茅台,11:05:16,1462.46,400,1462.86,D
sh600519,贵州茅台,11:05:19,1463.82,1000,1462.46,U
sh600519,贵州茅台,11:05:22,1464.0,1700,1463.82,U
sh600519,贵州茅台,11:05:25,1464.01,600,1464.0,U
sh600519,贵州茅台,11:05:28,1463.82,6200,1464.01,D
sh600519,贵州茅台,11:05:31,1462.5,3900,1463.82,D
sh600519,贵州茅台,11:05:34,1462.57,200,1462.5,E
sh600519,贵州茅台,11:05:37,1462.24,200,1462.57,D
sh600519,贵州茅台,11:05:40,1462.15,300,1462.24,D
sh600519,贵州茅台,11:05:43,1462.1,300,1462.15,D
sh600519,贵州茅台,11:05:46,1462.06,200,1462.1,D
sh600519,贵州茅台,11:05:58,1462.22,600,1462.2,D
sh600519,贵州茅台,11:06:01,1462.23,200,1462.22,E
sh600519,贵州茅台,11:06:04,1463.61,300,1462.23,U
sh600519,贵州茅台,11:06:19,1463.62,200,1463.61,U
sh600519,贵州茅台,11:06:22,1463.62,200,1463.62,U
sh600519,贵州茅台,11:06:28,1463.63,400,1463.62,U
sh600519,贵州茅台,11:06:49,1463.75,400,1463.62,U
sh600519,贵州茅台,11:06:55,1463.78,400,1463.75,U
sh600519,贵州茅台,11:07:01,1463.62,400,1463.62,D
sh600519,贵州茅台,11:07:10,1463.73,300,1463.62,U
sh600519,贵州茅台,11:07:13,1463.73,500,1463.73,U
sh600519,贵州茅台,11:07:22,1463.78,600,1463.78,U
sh600519,贵州茅台,11:07:31,1463.81,200,1463.31,U
sh600519,贵州茅台,11:07:40,1463.78,200,1463.78,D
sh600519,贵州茅台,11:07:43,1464.01,400,1463.78,U
sh600519,贵州茅台,11:07:55,1463.78,200,1463.88,D
sh600519,贵州茅台,11:07:58,1463.78,400,1463.78,D
sh600519,贵州茅台,11:08:01,1463.79,200,1463.78,E
sh600519,贵州茅台,11:08:04,1463.79,600,1463.79,D
sh600519,贵州茅台,11:08:07,1463.94,200,1463.79,U
sh600519,贵州茅台,11:08:10,1463.94,400,1463.94,U
sh600519,贵州茅台,11:08:16,1463.94,500,1463.94,U
sh600519,贵州茅台,11:08:19,1463.99,300,1463.94,U
sh600519,贵州茅台,11:08:34,1463.79,200,1463.79,D
sh600519,贵州茅台,11:08:37,1463.79,900,1463.79,D
sh600519,贵州茅台,11:08:49,1463.97,200,1464.01,D
sh600519,贵州茅台,11:09:04,1464.03,200,1464.01,U
sh600519,贵州茅台,11:09:07,1464.03,300,1464.03,U
sh600519,贵州茅台,11:09:13,1463.78,900,1463.8,D
sh600519,贵州茅台,11:09:19,1463.12,700,1463.78,D
sh600519,贵州茅台,11:09:22,1463.0,500,1463.12,D
sh600519,贵州茅台,11:09:25,1462.45,600,1463.0,D
sh600519,贵州茅台,11:09:28,1462.62,200,1462.45,U
sh600519,贵州茅台,11:09:37,1462.43,300,1462.62,D
sh600519,贵州茅台,11:09:40,1462.0,3600,1462.43,D
sh600519,贵州茅台,11:09:43,1463.22,1700,1462.0,U
sh600519,贵州茅台,11:09:49,1463.19,500,1461.9,U
sh600519,贵州茅台,11:09:55,1463.15,800,1461.89,U
sh600519,贵州茅台,11:09:58,1462.49,300,1463.15,E
sh600519,贵州茅台,11:10:13,1463.18,600,1462.49,U
sh600519,贵州茅台,11:10:16,1462.49,200,1463.18,D
sh600519,贵州茅台,11:10:19,1462.5,200,1462.49,E
sh600519,贵州茅台,11:10:28,1462.01,500,1462.5,D
sh600519,贵州茅台,11:10:31,1462.5,400,1462.01,E
sh600519,贵州茅台,11:10:34,1462.0,400,1462.5,D
sh600519,贵州茅台,11:10:37,1462.0,1000,1462.0,D
sh600519,贵州茅台,11:10:40,1461.99,200,1462.0,D
sh600519,贵州茅台,11:11:01,1463.21,400,1462.22,U
sh600519,贵州茅台,11:11:07,1463.21,1000,1463.21,E
sh600519,贵州茅台,11:11:13,1463.8,300,1463.21,U
sh600519,贵州茅台,11:11:16,1464.0,600,1463.8,U
sh600519,贵州茅台,11:11:19,1464.0,300,1464.0,D
sh600519,贵州茅台,11:11:22,1464.02,500,1464.0,E
sh600519,贵州茅台,11:11:25,1464.03,400,1464.02,U
sh600519,贵州茅台,11:11:34,1464.03,1000,1464.03,U
sh600519,贵州茅台,11:11:46,1464.2,2100,1464.03,U
sh600519,贵州茅台,11:11:49,1465.0,2400,1464.2,U
sh600519,贵州茅台,11:11:52,1465.0,700,1465.0,U
sh600519,贵州茅台,11:11:55,1465.0,200,1465.0,U
sh600519,贵州茅台,11:11:58,1465.01,200,1465.0,U
sh600519,贵州茅台,11:12:01,1465.57,2800,1465.01,U
sh600519,贵州茅台,11:12:04,1466.4,1400,1465.57,U
sh600519,贵州茅台,11:12:07,1466.79,800,1466.4,U
sh600519,贵州茅台,11:12:10,1466.9,400,1466.79,U
sh600519,贵州茅台,11:12:13,1467.0,1000,1466.9,U
sh600519,贵州茅台,11:12:16,1468.0,1700,1467.0,U
sh600519,贵州茅台,11:12:19,1469.0,8200,1468.0,U
sh600519,贵州茅台,11:12:22,1468.39,700,1469.0,E
sh600519,贵州茅台,11:12:25,1469.1,2700,1468.39,U
sh600519,贵州茅台,11:12:31,1469.1,1200,1468.39,U
sh600519,贵州茅台,11:12:34,1469.29,1100,1469.1,U
sh600519,贵州茅台,11:12:37,1469.44,2300,1469.29,U
sh600519,贵州茅台,11:12:40,1469.49,2200,1469.44,U
sh600519,贵州茅台,11:12:43,1469.44,500,1469.49,D
sh600519,贵州茅台,11:12:46,1469.19,400,1469.44,U
sh600519,贵州茅台,11:12:49,1468.0,2000,1469.19,D
sh600519,贵州茅台,11:12:58,1467.8,200,1467.01,U
sh600519,贵州茅台,11:13:01,1467.07,600,1467.8,E
sh600519,贵州茅台,11:13:04,1468.0,200,1467.07,U
sh600519,贵州茅台,11:13:10,1467.8,200,1468.0,E
sh600519,贵州茅台,11:13:16,1467.07,700,1467.8,D
sh600519,贵州茅台,11:13:22,1467.07,900,1467.07,D
sh600519,贵州茅台,11:13:25,1467.09,700,1467.07,U
sh600519,贵州茅台,11:13:28,1467.09,200,1467.09,D
sh600519,贵州茅台,11:13:34,1467.05,400,1467.09,U
sh600519,贵州茅台,11:13:52,1467.88,300,1466.69,U
sh600519,贵州茅台,11:13:55,1466.09,900,1467.88,D
sh600519,贵州茅台,11:13:58,1467.83,400,1466.09,E
sh600519,贵州茅台,11:14:01,1467.98,3100,1467.83,U
sh600519,贵州茅台,11:14:04,1468.02,600,1467.98,U
sh600519,贵州茅台,11:14:07,1468.84,800,1468.02,U
sh600519,贵州茅台,11:14:10,1469.0,2500,1468.84,U
sh600519,贵州茅台,11:14:13,1468.02,200,1469.0,E
sh600519,贵州茅台,11:14:22,1468.99,900,1468.99,U
sh600519,贵州茅台,11:14:25,1469.0,600,1468.99,U
sh600519,贵州茅台,11:14:28,1469.0,300,1469.0,D
sh600519,贵州茅台,11:14:31,1469.0,1800,1469.0,D
sh600519,贵州茅台,11:14:34,1469.0,700,1469.0,U
sh600519,贵州茅台,11:14:37,1469.0,800,1469.0,D
sh600519,贵州茅台,11:14:40,1469.29,400,1469.0,U
sh600519,贵州茅台,11:14:43,1469.0,200,1469.29,D
sh600519,贵州茅台,11:14:46,1469.0,3000,1469.0,D
sh600519,贵州茅台,11:14:49,1469.16,200,1469.0,E
sh600519,贵州茅台,11:14:52,1466.27,1800,1469.16,D
sh600519,贵州茅台,11:15:01,1466.74,200,1468.63,E
sh600519,贵州茅台,11:15:04,1469.0,3000,1466.74,U
sh600519,贵州茅台,11:15:07,1469.3,1400,1469.0,U
sh600519,贵州茅台,11:15:10,1469.29,1000,1469.3,D
sh600519,贵州茅台,11:15:13,1468.74,700,1469.29,U
sh600519,贵州茅台,11:15:16,1469.29,500,1468.74,U
sh600519,贵州茅台,11:15:22,1468.64,500,1469.29,E
sh600519,贵州茅台,11:15:25,1468.63,300,1468.64,D
sh600519,贵州茅台,11:15:34,1469.27,600,1468.63,U
sh600519,贵州茅台,11:15:46,1468.63,300,1468.63,D
sh600519,贵州茅台,11:15:49,1468.63,400,1468.63,D
sh600519,贵州茅台,11:15:55,1468.63,600,1468.63,D
sh600519,贵州茅台,11:15:58,1468.5,1300,1468.63,D
sh600519,贵州茅台,11:16:04,1468.14,300,1468.58,D
sh600519,贵州茅台,11:16:07,1468.14,200,1468.14,D
sh600519,贵州茅台,11:16:10,1468.14,700,1468.14,D
sh600519,贵州茅台,11:16:13,1468.2,200,1468.14,D
sh600519,贵州茅台,11:16:19,1468.2,1900,1468.2,U
sh600519,贵州茅台,11:16:25,1466.83,200,1466.66,D
sh600519,贵州茅台,11:16:31,1466.83,500,1466.83,D
sh600519,贵州茅台,11:16:37,1466.65,200,1466.83,D
sh600519,贵州茅台,11:16:40,1467.88,600,1466.65,E
sh600519,贵州茅台,11:16:46,1466.95,200,1467.88,D
sh600519,贵州茅台,11:16:49,1466.61,500,1466.95,D
sh600519,贵州茅台,11:16:52,1466.97,300,1466.61,E
sh600519,贵州茅台,11:16:55,1466.96,400,1466.97,D
sh600519,贵州茅台,11:16:58,1466.41,200,1466.96,D
sh600519,贵州茅台,11:17:01,1466.94,200,1466.41,E
sh600519,贵州茅台,11:17:07,1466.43,500,1466.94,D
sh600519,贵州茅台,11:17:10,1466.39,200,1466.43,D
sh600519,贵州茅台,11:17:16,1466.39,1000,1466.94,D
sh600519,贵州茅台,11:17:19,1466.39,200,1466.39,U
sh600519,贵州茅台,11:17:28,1466.36,1000,1466.39,D
sh600519,贵州茅台,11:17:31,1466.26,900,1466.36,D
sh600519,贵州茅台,11:17:37,1466.0,400,1466.26,D
sh600519,贵州茅台,11:17:40,1465.95,200,1466.0,D
sh600519,贵州茅台,11:17:46,1465.95,200,1465.95,D
sh600519,贵州茅台,11:17:55,1466.0,600,1465.8,U
sh600519,贵州茅台,11:18:01,1466.36,600,1466.33,U
sh600519,贵州茅台,11:18:04,1466.0,200,1466.36,D
sh600519,贵州茅台,11:18:07,1466.0,300,1466.0,U
sh600519,贵州茅台,11:18:13,1465.17,600,1465.95,D
sh600519,贵州茅台,11:18:19,1465.96,300,1465.17,E
sh600519,贵州茅台,11:18:25,1465.18,300,1465.88,D
sh600519,贵州茅台,11:18:28,1465.18,400,1465.18,D
sh600519,贵州茅台,11:18:31,1465.13,400,1465.18,D
sh600519,贵州茅台,11:18:34,1465.13,300,1465.13,U
sh600519,贵州茅台,11:18:37,1465.0,1600,1465.13,D
sh600519,贵州茅台,11:18:40,1465.0,400,1465.0,D
sh600519,贵州茅台,11:18:43,1465.13,600,1465.0,U
sh600519,贵州茅台,11:18:52,1464.98,200,1465.13,D
sh600519,贵州茅台,11:18:58,1464.98,400,1464.58,D
sh600519,贵州茅台,11:19:13,1464.59,200,1464.98,D
sh600519,贵州茅台,11:19:16,1465.13,200,1464.59,D
sh600519,贵州茅台,11:19:22,1465.84,200,1465.13,U
sh600519,贵州茅台,11:19:28,1464.87,200,1465.84,E
sh600519,贵州茅台,11:19:31,1465.84,500,1464.87,U
sh600519,贵州茅台,11:19:40,1464.92,200,1464.92,D
sh600519,贵州茅台,11:19:49,1464.97,200,1464.92,E
sh600519,贵州茅台,11:19:52,1464.96,200,1464.97,D
sh600519,贵州茅台,11:19:55,1464.97,400,1464.96,D
sh600519,贵州茅台,11:19:58,1464.99,500,1464.97,E
sh600519,贵州茅台,11:20:04,1466.41,3100,1465.84,U
sh600519,贵州茅台,11:20:07,1467.8,2000,1466.41,U
sh600519,贵州茅台,11:20:10,1467.82,400,1467.8,U
sh600519,贵州茅台,11:20:19,1467.78,200,1466.42,E
sh600519,贵州茅台,11:20:31,1467.75,400,1466.42,U
sh600519,贵州茅台,11:20:52,1466.81,200,1466.81,D
sh600519,贵州茅台,11:20:55,1467.7,400,1466.81,U
sh600519,贵州茅台,11:20:58,1466.81,300,1467.7,D
sh600519,贵州茅台,11:21:01,1466.81,400,1466.81,D
sh600519,贵州茅台,11:21:07,1466.41,200,1466.81,D
sh600519,贵州茅台,11:21:10,1466.8,300,1466.41,U
sh600519,贵州茅台,11:21:16,1466.0,200,1466.8,D
sh600519,贵州茅台,11:21:19,1466.0,700,1466.0,D
sh600519,贵州茅台,11:21:22,1466.8,300,1466.0,U
sh600519,贵州茅台,11:21:25,1465.37,200,1466.8,E
sh600519,贵州茅台,11:21:52,1466.0,700,1466.0,D
sh600519,贵州茅台,11:21:55,1465.39,200,1466.0,D
sh600519,贵州茅台,11:21:58,1465.36,200,1465.39,D
sh600519,贵州茅台,11:22:07,1465.37,900,1465.37,U
sh600519,贵州茅台,11:22:10,1465.35,300,1465.37,D
sh600519,贵州茅台,11:22:13,1465.34,200,1465.35,D
sh600519,贵州茅台,11:22:19,1465.34,200,1465.34,D
sh600519,贵州茅台,11:22:25,1465.31,500,1465.33,D
sh600519,贵州茅台,11:22:28,1465.29,300,1465.31,D
sh600519,贵州茅台,11:22:34,1465.37,200,1465.29,U
sh600519,贵州茅台,11:22:37,1465.29,200,1465.37,D
sh600519,贵州茅台,11:22:40,1465.27,200,1465.29,D
sh600519,贵州茅台,11:22:52,1465.27,300,1465.37,D
sh600519,贵州茅台,11:22:55,1465.25,700,1465.27,D
sh600519,贵州茅台,11:23:01,1465.25,500,1465.25,D
sh600519,贵州茅台,11:23:04,1465.36,1100,1465.25,U
sh600519,贵州茅台,11:23:07,1465.36,200,1465.36,D
sh600519,贵州茅台,11:23:10,1465.36,1000,1465.36,D
sh600519,贵州茅台,11:23:13,1465.37,1000,1465.36,U
sh600519,贵州茅台,11:23:16,1465.37,1200,1465.37,D
sh600519,贵州茅台,11:23:31,1465.35,200,1465.35,D
sh600519,贵州茅台,11:23:46,1465.36,700,1465.35,E
sh600519,贵州茅台,11:23:49,1465.35,200,1465.36,D
sh600519,贵州茅台,11:23:55,1465.05,500,1465.35,D
sh600519,贵州茅台,11:24:01,1465.24,800,1465.03,U
sh600519,贵州茅台,11:24:04,1464.58,300,1465.24,D
sh600519,贵州茅台,11:24:07,1465.35,1000,1464.58,U
sh600519,贵州茅台,11:24:13,1464.2,300,1465.35,E
sh600519,贵州茅台,11:24:25,1464.88,1000,1464.18,U
sh600519,贵州茅台,11:24:31,1464.2,800,1464.88,D
sh600519,贵州茅台,11:24:37,1464.19,400,1464.2,D
sh600519,贵州茅台,11:24:43,1464.88,1300,1464.19,U
sh600519,贵州茅台,11:24:55,1464.18,500,1464.2,D
sh600519,贵州茅台,11:25:19,1464.07,200,1464.2,D
sh600519,贵州茅台,11:25:25,1464.03,1400,1464.05,D
sh600519,贵州茅台,11:25:28,1464.0,400,1464.03,D
sh600519,贵州茅台,11:25:31,1464.05,1500,1464.0,U
sh600519,贵州茅台,11:25:37,1464.88,1700,1464.05,U
sh600519,贵州茅台,11:26:01,1465.0,200,1464.99,U
sh600519,贵州茅台,11:26:04,1465.0,400,1465.0,U
sh600519,贵州茅台,11:26:07,1465.24,1400,1465.0,U
sh600519,贵州茅台,11:26:10,1466.63,200,1465.24,U
sh600519,贵州茅台,11:26:13,1466.65,900,1466.63,U
sh600519,贵州茅台,11:26:25,1466.63,400,1466.65,U
sh600519,贵州茅台,11:26:28,1466.62,1300,1466.63,U
sh600519,贵州茅台,11:26:31,1466.62,200,1466.62,U
sh600519,贵州茅台,11:26:34,1465.23,400,1466.62,D
sh600519,贵州茅台,11:26:46,1466.63,500,1466.62,U
sh600519,贵州茅台,11:26:49,1466.66,300,1466.63,U
sh600519,贵州茅台,11:26:52,1466.63,200,1466.66,D
sh600519,贵州茅台,11:26:58,1466.65,300,1466.63,U
sh600519,贵州茅台,11:27:01,1466.63,600,1466.65,D
sh600519,贵州茅台,11:27:07,1466.77,700,1466.63,U
sh600519,贵州茅台,11:27:10,1466.8,1200,1466.77,U
sh600519,贵州茅台,11:27:13,1466.8,2400,1466.8,U
sh600519,贵州茅台,11:27:16,1467.67,1000,1466.8,U
sh600519,贵州茅台,11:27:19,1467.7,200,1467.67,U
sh600519,贵州茅台,11:27:25,1466.97,300,1467.7,E
sh600519,贵州茅台,11:27:28,1467.0,400,1466.97,E
sh600519,贵州茅台,11:27:40,1467.7,200,1467.0,U
sh600519,贵州茅台,11:28:01,1466.91,200,1466.91,D
sh600519,贵州茅台,11:28:04,1467.68,500,1466.91,U
sh600519,贵州茅台,11:28:07,1467.68,300,1467.68,U
sh600519,贵州茅台,11:28:10,1467.68,1800,1467.68,U
sh600519,贵州茅台,11:28:13,1467.68,530,1467.68,U
sh600519,贵州茅台,11:28:16,1467.69,500,1467.68,U
sh600519,贵州茅台,11:28:19,1467.68,600,1467.69,D
sh600519,贵州茅台,11:28:22,1468.14,800,1467.68,U
sh600519,贵州茅台,11:28:28,1467.98,200,1468.14,U
sh600519,贵州茅台,11:28:34,1467.99,300,1467.98,U
sh600519,贵州茅台,11:28:37,1467.99,700,1467.99,D
sh600519,贵州茅台,11:28:43,1467.74,200,1467.99,D
sh600519,贵州茅台,11:28:49,1467.73,470,1467.74,D
sh600519,贵州茅台,11:28:52,1467.74,300,1467.73,U
sh600519,贵州茅台,11:29:16,1467.0,2400,1467.73,D
sh600519,贵州茅台,11:29:19,1467.68,300,1467.0,E
sh600519,贵州茅台,11:29:25,1467.74,300,1467.74,U
sh600519,贵州茅台,11:29:31,1467.0,1600,1467.74,D
sh600519,贵州茅台,11:29:40,1467.0,200,1467.7,D
sh600519,贵州茅台,11:29:52,1467.73,600,1467.0,U
sh600519,贵州茅台,13:00:01,1466.63,200,1467.0,D
sh600519,贵州茅台,13:00:04,1466.63,2500,1466.63,D
sh600519,贵州茅台,13:00:07,1466.7,3500,1466.63,U
sh600519,贵州茅台,13:00:10,1467.6,3415,1466.7,U
sh600519,贵州茅台,13:00:13,1467.63,1600,1467.6,U
sh600519,贵州茅台,13:00:16,1467.62,1485,1467.63,E
sh600519,贵州茅台,13:00:19,1467.59,700,1467.62,D
sh600519,贵州茅台,13:00:25,1467.04,400,1466.66,U
sh600519,贵州茅台,13:00:28,1467.7,400,1467.04,U
sh600519,贵州茅台,13:00:31,1467.04,300,1467.7,D
sh600519,贵州茅台,13:00:34,1467.19,700,1467.04,E
sh600519,贵州茅台,13:00:37,1467.6,1200,1467.19,E
sh600519,贵州茅台,13:00:40,1468.19,400,1467.6,U
sh600519,贵州茅台,13:00:46,1467.6,1400,1468.19,D
sh600519,贵州茅台,13:00:49,1468.0,900,1467.6,U
sh600519,贵州茅台,13:00:52,1467.27,200,1468.0,D
sh600519,贵州茅台,13:00:58,1467.6,300,1467.29,U
sh600519,贵州茅台,13:01:07,1468.18,2500,1468.17,U
sh600519,贵州茅台,13:01:10,1467.3,500,1468.18,E
sh600519,贵州茅台,13:01:13,1468.19,245,1467.3,U
sh600519,贵州茅台,13:01:31,1468.47,400,1468.18,U
sh600519,贵州茅台,13:01:40,1468.19,1300,1468.48,D
sh600519,贵州茅台,13:01:43,1468.49,200,1468.19,E
sh600519,贵州茅台,13:01:46,1468.48,400,1468.49,E
sh600519,贵州茅台,13:01:52,1468.45,300,1467.6,U
sh600519,贵州茅台,13:01:55,1468.47,500,1468.45,U
sh600519,贵州茅台,13:01:58,1468.48,1000,1468.47,U
sh600519,贵州茅台,13:02:01,1468.5,600,1468.48,U
sh600519,贵州茅台,13:02:04,1469.0,1600,1468.5,U
sh600519,贵州茅台,13:02:07,1468.65,1800,1469.0,D
sh600519,贵州茅台,13:02:10,1468.62,700,1468.65,D
sh600519,贵州茅台,13:02:13,1469.0,300,1468.62,E
sh600519,贵州茅台,13:02:16,1468.28,200,1469.0,U
sh600519,贵州茅台,13:02:34,1467.58,200,1468.63,D
sh600519,贵州茅台,13:02:37,1468.67,200,1467.58,U
sh600519,贵州茅台,13:02:52,1468.0,1800,1468.0,E
sh600519,贵州茅台,13:02:55,1467.23,700,1468.0,D
sh600519,贵州茅台,13:03:01,1467.01,1600,1467.23,D
sh600519,贵州茅台,13:03:04,1466.0,700,1467.01,D
sh600519,贵州茅台,13:03:10,1466.9,300,1466.9,U
sh600519,贵州茅台,13:03:13,1466.9,200,1466.9,U
sh600519,贵州茅台,13:03:16,1466.99,200,1466.9,U
sh600519,贵州茅台,13:03:19,1467.14,1400,1466.99,U
sh600519,贵州茅台,13:03:28,1467.0,500,1467.23,D
sh600519,贵州茅台,13:03:31,1466.99,400,1467.0,D
sh600519,贵州茅台,13:03:37,1467.0,600,1466.99,U
sh600519,贵州茅台,13:03:43,1467.0,200,1467.0,U
sh600519,贵州茅台,13:03:46,1467.0,200,1467.0,U
sh600519,贵州茅台,13:03:49,1467.12,1000,1467.0,U
sh600519,贵州茅台,13:03:52,1467.37,700,1467.12,U
sh600519,贵州茅台,13:03:58,1466.16,800,1467.23,D
sh600519,贵州茅台,13:04:01,1467.12,400,1466.16,E
sh600519,贵州茅台,13:04:10,1467.12,1300,1467.9,D
sh600519,贵州茅台,13:04:16,1467.3,200,1467.12,U
sh600519,贵州茅台,13:04:19,1467.3,300,1467.3,U
sh600519,贵州茅台,13:04:22,1467.4,300,1467.3,U
sh600519,贵州茅台,13:04:25,1468.66,300,1467.4,U
sh600519,贵州茅台,13:04:49,1469.19,600,1468.68,E
sh600519,贵州茅台,13:04:52,1469.19,200,1469.19,E
sh600519,贵州茅台,13:04:58,1468.0,300,1469.19,D
sh600519,贵州茅台,13:05:16,1467.4,200,1467.34,E
sh600519,贵州茅台,13:05:22,1467.34,300,1467.4,D
sh600519,贵州茅台,13:05:25,1467.32,400,1467.34,D
sh600519,贵州茅台,13:05:43,1467.33,900,1467.34,E
sh600519,贵州茅台,13:05:46,1467.31,200,1467.33,D
sh600519,贵州茅台,13:05:49,1467.0,2200,1467.31,D
sh600519,贵州茅台,13:05:55,1467.1,300,1467.0,E
sh600519,贵州茅台,13:05:58,1466.76,200,1467.1,U
sh600519,贵州茅台,13:06:04,1466.78,600,1466.76,U
sh600519,贵州茅台,13:06:13,1467.2,600,1466.64,U
sh600519,贵州茅台,13:06:16,1466.43,300,1467.2,E
sh600519,贵州茅台,13:06:22,1466.41,200,1466.43,D
sh600519,贵州茅台,13:06:25,1466.17,400,1466.41,E
sh600519,贵州茅台,13:06:28,1466.15,900,1466.17,D
sh600519,贵州茅台,13:06:34,1466.15,300,1466.15,U
sh600519,贵州茅台,13:06:40,1466.19,400,1466.15,E
sh600519,贵州茅台,13:06:46,1466.19,200,1466.19,D
sh600519,贵州茅台,13:06:49,1467.19,300,1466.19,E
sh600519,贵州茅台,13:06:58,1467.2,800,1467.19,U
sh600519,贵州茅台,13:07:01,1466.21,200,1467.2,D
sh600519,贵州茅台,13:07:04,1466.21,600,1466.21,D
sh600519,贵州茅台,13:07:16,1467.15,200,1466.22,U
sh600519,贵州茅台,13:07:22,1466.3,200,1467.15,E
sh600519,贵州茅台,13:07:40,1467.15,400,1466.23,U
sh600519,贵州茅台,13:07:43,1466.21,200,1467.15,D
sh600519,贵州茅台,13:07:46,1466.19,300,1466.21,D
sh600519,贵州茅台,13:07:52,1466.19,600,1466.19,D
sh600519,贵州茅台,13:07:55,1466.13,800,1466.19,D
sh600519,贵州茅台,13:08:01,1466.02,200,1466.13,D
sh600519,贵州茅台,13:08:04,1466.15,300,1466.02,U
sh600519,贵州茅台,13:08:07,1466.01,800,1466.15,D
sh600519,贵州茅台,13:08:10,1465.89,900,1466.01,D
sh600519,贵州茅台,13:08:13,1465.9,400,1465.89,U
sh600519,贵州茅台,13:08:16,1465.33,400,1465.9,D
sh600519,贵州茅台,13:08:19,1465.66,300,1465.33,U
sh600519,贵州茅台,13:08:22,1465.66,300,1465.66,U
sh600519,贵州茅台,13:08:28,1465.68,300,1465.66,U
sh600519,贵州茅台,13:08:31,1465.31,300,1465.68,D
sh600519,贵州茅台,13:08:40,1465.32,200,1465.31,D
sh600519,贵州茅台,13:08:46,1465.31,200,1465.32,D
sh600519,贵州茅台,13:08:52,1465.3,1200,1465.31,D
sh600519,贵州茅台,13:09:01,1465.12,300,1465.3,E
sh600519,贵州茅台,13:09:07,1465.31,300,1465.31,U
sh600519,贵州茅台,13:09:10,1465.64,400,1465.31,U
sh600519,贵州茅台,13:09:19,1465.5,300,1465.31,U
sh600519,贵州茅台,13:09:22,1465.64,400,1465.5,U
sh600519,贵州茅台,13:09:25,1465.64,500,1465.64,E
sh600519,贵州茅台,13:09:28,1465.5,500,1465.64,U
sh600519,贵州茅台,13:09:31,1465.13,200,1465.5,E
sh600519,贵州茅台,13:09:37,1465.07,400,1465.13,D
sh600519,贵州茅台,13:09:40,1465.07,400,1465.07,U
sh600519,贵州茅台,13:09:46,1465.02,400,1465.07,D
sh600519,贵州茅台,13:10:07,1465.45,200,1465.02,D
sh600519,贵州茅台,13:10:19,1465.68,500,1465.59,U
sh600519,贵州茅台,13:10:22,1465.71,300,1465.68,U
sh600519,贵州茅台,13:10:25,1466.01,300,1465.71,U
sh600519,贵州茅台,13:10:28,1465.71,400,1466.01,E
sh600519,贵州茅台,13:10:40,1466.23,600,1466.19,U
sh600519,贵州茅台,13:10:49,1466.23,200,1466.23,U
sh600519,贵州茅台,13:10:52,1466.23,1800,1466.23,U
sh600519,贵州茅台,13:10:55,1466.23,400,1466.23,D
sh600519,贵州茅台,13:11:04,1466.01,300,1466.28,D
sh600519,贵州茅台,13:11:07,1466.26,200,1466.01,U
sh600519,贵州茅台,13:11:10,1466.26,700,1466.26,U
sh600519,贵州茅台,13:11:13,1466.26,500,1466.26,E
sh600519,贵州茅台,13:11:31,1465.7,300,1466.26,D
sh600519,贵州茅台,13:11:34,1466.27,200,1465.7,U
sh600519,贵州茅台,13:11:43,1467.0,900,1466.29,U
sh600519,贵州茅台,13:11:52,1467.0,200,1466.27,U
sh600519,贵州茅台,13:11:55,1467.0,300,1467.0,U
sh600519,贵州茅台,13:11:58,1467.0,300,1467.0,U
sh600519,贵州茅台,13:12:04,1467.0,2900,1467.0,D
sh600519,贵州茅台,13:12:07,1467.19,900,1467.0,U
sh600519,贵州茅台,13:12:13,1467.2,300,1467.2,U
sh600519,贵州茅台,13:12:16,1467.32,200,1467.2,U
sh600519,贵州茅台,13:12:19,1467.19,600,1467.32,D
sh600519,贵州茅台,13:12:22,1467.33,1000,1467.19,U
sh600519,贵州茅台,13:12:34,1467.32,200,1467.33,U
sh600519,贵州茅台,13:12:37,1467.33,400,1467.32,U
sh600519,贵州茅台,13:12:40,1467.33,400,1467.33,U
sh600519,贵州茅台,13:12:43,1468.0,3300,1467.33,U
sh600519,贵州茅台,13:12:46,1468.53,300,1468.0,U
sh600519,贵州茅台,13:12:49,1468.36,200,1468.53,D
sh600519,贵州茅台,13:13:04,1468.66,800,1468.66,U
sh600519,贵州茅台,13:13:07,1468.5,200,1468.66,D
sh600519,贵州茅台,13:13:13,1468.49,400,1468.5,U
sh600519,贵州茅台,13:13:16,1468.49,600,1468.49,U
sh600519,贵州茅台,13:13:19,1468.5,200,1468.49,U
sh600519,贵州茅台,13:13:22,1468.51,300,1468.5,U
sh600519,贵州茅台,13:13:25,1469.0,700,1468.51,U
sh600519,贵州茅台,13:13:28,1469.0,2100,1469.0,U
sh600519,贵州茅台,13:13:31,1469.0,400,1469.0,U
sh600519,贵州茅台,13:13:34,1469.2,200,1469.0,U
sh600519,贵州茅台,13:13:43,1469.0,200,1469.2,D
sh600519,贵州茅台,13:13:46,1469.2,300,1469.0,E
sh600519,贵州茅台,13:13:52,1469.35,300,1469.2,U
sh600519,贵州茅台,13:13:55,1469.2,2300,1469.35,D
sh600519,贵州茅台,13:13:58,1469.0,500,1469.2,D
sh600519,贵州茅台,13:14:01,1469.33,900,1469.0,E
sh600519,贵州茅台,13:14:10,1468.68,300,1469.33,D
sh600519,贵州茅台,13:14:19,1468.68,300,1469.0,D
sh600519,贵州茅台,13:14:22,1468.68,300,1468.68,E
sh600519,贵州茅台,13:14:25,1467.53,300,1468.68,D
sh600519,贵州茅台,13:14:31,1467.43,700,1467.53,D
sh600519,贵州茅台,13:14:40,1467.43,400,1467.43,D
sh600519,贵州茅台,13:14:58,1467.33,300,1468.0,D
sh600519,贵州茅台,13:15:01,1468.0,1100,1467.33,U
sh600519,贵州茅台,13:15:07,1467.0,200,1468.0,D
sh600519,贵州茅台,13:15:19,1467.0,500,1467.0,D
sh600519,贵州茅台,13:15:22,1467.0,200,1467.0,D
sh600519,贵州茅台,13:15:31,1467.0,500,1467.0,U
sh600519,贵州茅台,13:15:37,1467.0,500,1467.0,D
sh600519,贵州茅台,13:16:01,1467.88,300,1467.88,U
sh600519,贵州茅台,13:16:07,1467.87,200,1467.88,U
sh600519,贵州茅台,13:16:10,1467.0,200,1467.87,D
sh600519,贵州茅台,13:16:22,1468.0,1300,1467.8,U
sh600519,贵州茅台,13:16:25,1468.0,800,1468.0,U
sh600519,贵州茅台,13:16:28,1467.82,200,1468.0,D
sh600519,贵州茅台,13:16:43,1468.0,1100,1468.3,D
sh600519,贵州茅台,13:16:46,1467.92,200,1468.0,D
sh600519,贵州茅台,13:16:55,1467.92,400,1468.0,E
sh600519,贵州茅台,13:16:58,1467.82,300,1467.92,D
sh600519,贵州茅台,13:17:10,1467.82,600,1467.2,U
sh600519,贵州茅台,13:17:22,1467.82,300,1467.82,U
sh600519,贵州茅台,13:17:25,1468.0,2100,1467.82,U
sh600519,贵州茅台,13:17:28,1467.81,400,1468.0,U
sh600519,贵州茅台,13:17:34,1467.82,300,1467.77,U
sh600519,贵州茅台,13:17:40,1467.83,800,1468.0,E
sh600519,贵州茅台,13:17:43,1468.0,500,1467.83,U
sh600519,贵州茅台,13:17:52,1467.82,200,1468.0,D
sh600519,贵州茅台,13:17:58,1467.81,3200,1467.82,D
sh600519,贵州茅台,13:18:01,1467.21,200,1467.81,D
sh600519,贵州茅台,13:18:04,1467.2,600,1467.21,D
sh600519,贵州茅台,13:18:13,1467.21,2300,1467.21,U
sh600519,贵州茅台,13:18:16,1467.01,300,1467.21,D
sh600519,贵州茅台,13:18:34,1467.01,1200,1467.01,D
sh600519,贵州茅台,13:18:40,1466.66,400,1467.0,D
sh600519,贵州茅台,13:18:49,1466.65,200,1466.66,D
sh600519,贵州茅台,13:18:52,1466.63,900,1466.65,D
sh600519,贵州茅台,13:18:55,1466.61,500,1466.63,D
sh600519,贵州茅台,13:18:58,1466.55,700,1466.61,D
sh600519,贵州茅台,13:19:13,1466.28,400,1466.28,U
sh600519,贵州茅台,13:19:16,1466.5,300,1466.28,U
sh600519,贵州茅台,13:19:19,1466.62,400,1466.5,U
sh600519,贵州茅台,13:19:31,1466.6,1200,1466.62,D
sh600519,贵州茅台,13:19:34,1466.6,1100,1466.6,U
sh600519,贵州茅台,13:19:37,1466.59,300,1466.6,D
sh600519,贵州茅台,13:19:40,1467.0,200,1466.59,U
sh600519,贵州茅台,13:19:43,1467.06,200,1467.0,U
sh600519,贵州茅台,13:19:52,1466.64,2100,1467.18,D
sh600519,贵州茅台,13:19:58,1468.48,3100,1466.66,U
sh600519,贵州茅台,13:20:01,1468.66,200,1468.48,E
sh600519,贵州茅台,13:20:04,1467.26,1100,1468.66,D
sh600519,贵州茅台,13:20:07,1468.96,300,1467.26,E
sh600519,贵州茅台,13:20:13,1468.65,400,1468.22,U
sh600519,贵州茅台,13:20:28,1467.26,600,1467.26,D
sh600519,贵州茅台,13:20:31,1467.26,600,1467.26,U
sh600519,贵州茅台,13:20:34,1467.26,500,1467.26,U
sh600519,贵州茅台,13:20:49,1467.2,400,1467.26,E
sh600519,贵州茅台,13:20:52,1467.0,200,1467.2,D
sh600519,贵州茅台,13:20:58,1467.0,400,1467.0,U
sh600519,贵州茅台,13:21:04,1467.26,300,1467.0,U
sh600519,贵州茅台,13:21:07,1467.0,300,1467.26,E
sh600519,贵州茅台,13:21:13,1466.92,200,1467.0,E
sh600519,贵州茅台,13:21:22,1467.0,800,1466.92,U
sh600519,贵州茅台,13:21:28,1467.0,300,1467.0,U
sh600519,贵州茅台,13:21:31,1467.0,200,1467.0,U
sh600519,贵州茅台,13:21:40,1466.91,1200,1467.0,D
sh600519,贵州茅台,13:21:55,1466.86,400,1466.91,D
sh600519,贵州茅台,13:21:58,1466.85,400,1466.86,D
sh600519,贵州茅台,13:22:01,1466.86,200,1466.85,E
sh600519,贵州茅台,13:22:07,1466.86,300,1466.86,D
sh600519,贵州茅台,13:22:10,1466.9,2600,1466.86,U
sh600519,贵州茅台,13:22:13,1466.9,200,1466.9,U
sh600519,贵州茅台,13:22:16,1467.26,200,1466.9,U
sh600519,贵州茅台,13:22:19,1466.86,500,1467.26,D
sh600519,贵州茅台,13:22:28,1467.24,200,1467.26,U
sh600519,贵州茅台,13:22:31,1466.87,400,1467.24,D
sh600519,贵州茅台,13:22:34,1466.86,400,1466.87,D
sh600519,贵州茅台,13:22:37,1467.62,400,1466.86,U
sh600519,贵州茅台,13:22:40,1468.0,800,1467.62,U
sh600519,贵州茅台,13:22:43,1468.49,400,1468.0,U
sh600519,贵州茅台,13:22:46,1468.65,500,1468.49,U
sh600519,贵州茅台,13:22:55,1468.0,700,1468.0,U
sh600519,贵州茅台,13:23:01,1466.95,300,1467.98,D
sh600519,贵州茅台,13:23:07,1466.97,200,1466.95,E
sh600519,贵州茅台,13:23:13,1467.99,200,1467.1,U
sh600519,贵州茅台,13:23:16,1466.94,300,1467.99,D
sh600519,贵州茅台,13:23:19,1466.91,200,1466.94,D
sh600519,贵州茅台,13:23:31,1466.91,300,1466.91,D
sh600519,贵州茅台,13:23:49,1466.68,200,1466.68,D
sh600519,贵州茅台,13:24:04,1467.88,700,1466.67,U
sh600519,贵州茅台,13:24:07,1466.66,700,1467.88,D
sh600519,贵州茅台,13:24:13,1466.52,300,1466.66,U
sh600519,贵州茅台,13:24:19,1466.31,400,1466.52,D
sh600519,贵州茅台,13:24:22,1466.33,200,1466.31,D
sh600519,贵州茅台,13:24:31,1466.66,200,1466.66,U
sh600519,贵州茅台,13:24:40,1466.66,1000,1466.34,U
sh600519,贵州茅台,13:24:43,1466.66,2200,1466.66,U
sh600519,贵州茅台,13:24:46,1467.89,200,1466.66,U
sh600519,贵州茅台,13:24:49,1466.34,1900,1467.89,D
sh600519,贵州茅台,13:24:52,1468.0,200,1466.34,U
sh600519,贵州茅台,13:24:58,1466.7,200,1466.7,D
sh600519,贵州茅台,13:25:07,1466.83,200,1468.0,E
sh600519,贵州茅台,13:25:10,1468.0,200,1466.83,E
sh600519,贵州茅台,13:25:13,1467.1,2800,1468.0,E
sh600519,贵州茅台,13:25:16,1468.43,300,1467.1,E
sh600519,贵州茅台,13:25:19,1467.09,300,1468.43,D
sh600519,贵州茅台,13:25:25,1468.32,400,1468.32,U
sh600519,贵州茅台,13:25:28,1467.11,200,1468.32,E
sh600519,贵州茅台,13:25:37,1468.32,400,1468.29,U
sh600519,贵州茅台,13:25:40,1468.42,200,1468.32,U
sh600519,贵州茅台,13:25:43,1467.12,600,1468.42,D
sh600519,贵州茅台,13:25:52,1466.69,6900,1467.12,D
sh600519,贵州茅台,13:25:55,1467.41,2500,1466.69,U
sh600519,贵州茅台,13:25:58,1467.42,500,1467.41,E
sh600519,贵州茅台,13:26:04,1468.32,200,1468.69,D
sh600519,贵州茅台,13:26:13,1467.43,200,1468.31,D
sh600519,贵州茅台,13:26:16,1467.42,300,1467.43,D
sh600519,贵州茅台,13:26:25,1467.12,200,1468.26,D
sh600519,贵州茅台,13:26:34,1467.12,300,1467.12,D
sh600519,贵州茅台,13:26:37,1467.2,600,1467.12,D
sh600519,贵州茅台,13:26:40,1468.62,400,1467.2,U
sh600519,贵州茅台,13:26:43,1468.0,300,1468.62,D
sh600519,贵州茅台,13:26:46,1468.76,900,1468.0,U
sh600519,贵州茅台,13:26:49,1468.64,500,1468.76,E
sh600519,贵州茅台,13:26:52,1468.88,400,1468.64,U
sh600519,贵州茅台,13:26:55,1468.7,400,1468.88,D
sh600519,贵州茅台,13:26:58,1468.82,300,1468.7,E
sh600519,贵州茅台,13:27:04,1468.76,800,1468.82,D
sh600519,贵州茅台,13:27:07,1468.76,600,1468.76,D
sh600519,贵州茅台,13:27:10,1468.76,1200,1468.76,U
sh600519,贵州茅台,13:27:13,1468.75,600,1468.76,D
sh600519,贵州茅台,13:27:16,1469.3,2700,1468.75,U
sh600519,贵州茅台,13:27:19,1469.0,400,1469.3,D
sh600519,贵州茅台,13:27:22,1468.99,300,1469.0,D
sh600519,贵州茅台,13:27:25,1469.49,500,1468.99,U
sh600519,贵州茅台,13:27:28,1469.3,200,1469.49,U
sh600519,贵州茅台,13:27:31,1469.09,200,1469.3,D
sh600519,贵州茅台,13:27:46,1469.01,400,1469.01,U
sh600519,贵州茅台,13:28:01,1469.0,500,1469.0,D
sh600519,贵州茅台,13:28:04,1468.99,1100,1469.0,D
sh600519,贵州茅台,13:28:07,1469.32,2900,1468.99,U
sh600519,贵州茅台,13:28:10,1468.99,400,1469.32,E
sh600519,贵州茅台,13:28:13,1469.31,500,1468.99,U
sh600519,贵州茅台,13:28:16,1468.99,200,1469.31,E
sh600519,贵州茅台,13:28:22,1468.71,400,1468.99,D
sh600519,贵州茅台,13:28:31,1468.88,200,1468.89,U
sh600519,贵州茅台,13:28:37,1468.88,600,1468.88,U
sh600519,贵州茅台,13:28:43,1468.88,200,1468.88,U
sh600519,贵州茅台,13:28:46,1468.89,500,1468.88,U
sh600519,贵州茅台,13:28:58,1468.89,1000,1467.56,U
sh600519,贵州茅台,13:29:04,1467.59,500,1468.99,D
sh600519,贵州茅台,13:29:07,1468.9,200,1467.59,E
sh600519,贵州茅台,13:29:10,1468.98,400,1468.9,U
sh600519,贵州茅台,13:29:19,1468.04,500,1468.98,D
sh600519,贵州茅台,13:29:25,1468.93,200,1468.91,U
sh600519,贵州茅台,13:29:28,1468.05,500,1468.93,D
sh600519,贵州茅台,13:29:43,1467.79,500,1468.89,D
sh600519,贵州茅台,13:29:58,1468.73,600,1468.87,U
sh600519,贵州茅台,13:30:07,1468.0,400,1468.73,D
sh600519,贵州茅台,13:30:16,1468.0,200,1468.0,U
sh600519,贵州茅台,13:30:19,1468.72,1100,1468.0,U
sh600519,贵州茅台,13:30:25,1468.0,1100,1468.73,D
sh600519,贵州茅台,13:30:31,1468.7,200,1468.72,U
sh600519,贵州茅台,13:30:46,1468.1,300,1468.7,U
sh600519,贵州茅台,13:30:49,1468.1,200,1468.1,E
sh600519,贵州茅台,13:30:52,1468.72,200,1468.1,U
sh600519,贵州茅台,13:30:55,1468.73,300,1468.72,U
sh600519,贵州茅台,13:31:01,1468.73,300,1468.73,U
sh600519,贵州茅台,13:31:04,1468.7,400,1468.73,D
sh600519,贵州茅台,13:31:07,1468.73,1100,1468.7,U
sh600519,贵州茅台,13:31:10,1468.73,800,1468.73,U
sh600519,贵州茅台,13:31:13,1468.87,800,1468.73,U
sh600519,贵州茅台,13:31:16,1468.87,200,1468.87,U
sh600519,贵州茅台,13:31:19,1468.88,200,1468.87,U
sh600519,贵州茅台,13:31:22,1468.81,200,1468.88,D
sh600519,贵州茅台,13:31:25,1468.9,400,1468.81,U
sh600519,贵州茅台,13:31:28,1468.81,200,1468.9,D
sh600519,贵州茅台,13:31:34,1468.73,1300,1468.81,D
sh600519,贵州茅台,13:31:37,1468.8,200,1468.73,U
sh600519,贵州茅台,13:31:40,1468.73,200,1468.8,U
sh600519,贵州茅台,13:31:43,1468.73,200,1468.73,U
sh600519,贵州茅台,13:31:49,1468.73,2700,1468.73,U
sh600519,贵州茅台,13:31:52,1468.73,300,1468.73,U
sh600519,贵州茅台,13:31:55,1468.72,200,1468.73,E
sh600519,贵州茅台,13:32:01,1468.03,300,1468.72,D
sh600519,贵州茅台,13:32:04,1468.03,300,1468.03,U
sh600519,贵州茅台,13:32:07,1468.03,1100,1468.03,U
sh600519,贵州茅台,13:32:10,1467.57,1400,1468.03,D
sh600519,贵州茅台,13:32:13,1468.92,400,1467.57,E
sh600519,贵州茅台,13:32:16,1468.99,400,1468.92,U
sh600519,贵州茅台,13:32:19,1467.69,900,1468.99,E
sh600519,贵州茅台,13:32:22,1468.8,200,1467.69,D
sh600519,贵州茅台,13:32:25,1468.03,300,1468.8,D
sh600519,贵州茅台,13:32:28,1468.9,300,1468.03,U
sh600519,贵州茅台,13:32:31,1468.96,200,1468.9,U
sh600519,贵州茅台,13:32:34,1468.98,200,1468.96,U
sh600519,贵州茅台,13:32:37,1468.99,600,1468.98,U
sh600519,贵州茅台,13:32:40,1468.99,400,1468.99,U
sh600519,贵州茅台,13:32:43,1468.99,200,1468.99,U
sh600519,贵州茅台,13:32:46,1468.99,300,1468.99,U
sh600519,贵州茅台,13:32:49,1468.99,400,1468.99,U
sh600519,贵州茅台,13:32:52,1468.99,200,1468.99,U
sh600519,贵州茅台,13:32:55,1468.99,300,1468.99,U
sh600519,贵州茅台,13:32:58,1469.0,200,1468.99,U
sh600519,贵州茅台,13:33:01,1468.97,300,1469.0,D
sh600519,贵州茅台,13:33:04,1468.99,300,1468.97,U
sh600519,贵州茅台,13:33:19,1468.09,200,1468.9,D
sh600519,贵州茅台,13:33:34,1468.9,200,1468.09,U
sh600519,贵州茅台,13:33:37,1468.09,500,1468.9,D
sh600519,贵州茅台,13:33:40,1468.98,300,1468.09,U
sh600519,贵州茅台,13:33:43,1468.09,300,1468.98,D
sh600519,贵州茅台,13:34:01,1468.98,200,1468.99,U
sh600519,贵州茅台,13:34:04,1468.76,300,1468.98,U
sh600519,贵州茅台,13:34:07,1468.12,300,1468.76,D
sh600519,贵州茅台,13:34:13,1468.12,200,1468.12,U
sh600519,贵州茅台,13:34:22,1468.12,300,1468.12,D
sh600519,贵州茅台,13:34:25,1468.15,200,1468.12,D
sh600519,贵州茅台,13:34:31,1468.98,200,1468.97,U
sh600519,贵州茅台,13:34:34,1468.98,200,1468.98,U
sh600519,贵州茅台,13:34:37,1468.97,200,1468.98,E
sh600519,贵州茅台,13:34:43,1468.16,1500,1468.97,D
sh600519,贵州茅台,13:34:52,1468.16,1100,1468.16,E
sh600519,贵州茅台,13:34:55,1468.15,300,1468.16,D
sh600519,贵州茅台,13:34:58,1468.15,200,1468.15,U
sh600519,贵州茅台,13:35:13,1468.15,1400,1468.12,U
sh600519,贵州茅台,13:35:16,1468.12,200,1468.15,U
sh600519,贵州茅台,13:35:22,1468.12,200,1468.12,U
sh600519,贵州茅台,13:35:28,1468.15,400,1468.12,D
sh600519,贵州茅台,13:35:31,1468.15,1000,1468.15,D
sh600519,贵州茅台,13:35:43,1468.15,200,1468.15,D
sh600519,贵州茅台,13:35:49,1468.15,500,1468.86,D
sh600519,贵州茅台,13:35:58,1468.86,200,1468.15,U
sh600519,贵州茅台,13:36:01,1468.15,600,1468.86,D
sh600519,贵州茅台,13:36:07,1468.11,700,1468.15,D
sh600519,贵州茅台,13:36:10,1468.09,500,1468.11,D
sh600519,贵州茅台,13:36:13,1468.12,300,1468.09,U
sh600519,贵州茅台,13:36:22,1468.8,200,1468.12,U
sh600519,贵州茅台,13:36:31,1468.12,300,1468.79,D
sh600519,贵州茅台,13:36:37,1468.79,500,1468.12,U
sh600519,贵州茅台,13:36:40,1468.79,1000,1468.79,U
sh600519,贵州茅台,13:36:43,1468.13,400,1468.79,D
sh600519,贵州茅台,13:36:46,1468.8,200,1468.13,U
sh600519,贵州茅台,13:36:55,1468.79,700,1468.7,U
sh600519,贵州茅台,13:37:07,1468.14,200,1468.78,D
sh600519,贵州茅台,13:37:10,1468.13,500,1468.14,D
sh600519,贵州茅台,13:37:16,1468.12,1400,1468.14,D
sh600519,贵州茅台,13:37:22,1468.09,300,1468.12,D
sh600519,贵州茅台,13:37:28,1468.0,1700,1468.08,D
sh600519,贵州茅台,13:37:31,1468.08,400,1468.0,U
sh600519,贵州茅台,13:37:34,1467.7,200,1468.08,D
sh600519,贵州茅台,13:37:37,1468.08,300,1467.7,U
sh600519,贵州茅台,13:37:46,1467.65,400,1468.08,D
sh600519,贵州茅台,13:37:49,1467.51,600,1467.65,D
sh600519,贵州茅台,13:37:55,1467.2,200,1467.51,D
sh600519,贵州茅台,13:37:58,1467.1,400,1467.2,D
sh600519,贵州茅台,13:38:01,1467.04,300,1467.1,D
sh600519,贵州茅台,13:38:04,1466.66,1200,1467.04,D
sh600519,贵州茅台,13:38:16,1466.1,200,1466.1,E
sh600519,贵州茅台,13:38:19,1466.04,300,1466.1,D
sh600519,贵州茅台,13:38:22,1466.0,600,1466.04,D
sh600519,贵州茅台,13:38:28,1465.95,400,1465.95,U
sh600519,贵州茅台,13:38:34,1465.88,300,1465.89,D
sh600519,贵州茅台,13:38:37,1465.87,200,1465.88,D
sh600519,贵州茅台,13:38:40,1465.79,200,1465.87,D
sh600519,贵州茅台,13:38:43,1465.43,700,1465.79,D
sh600519,贵州茅台,13:38:46,1465.05,400,1465.43,D
sh600519,贵州茅台,13:38:52,1465.26,200,1465.05,U
sh600519,贵州茅台,13:38:55,1465.26,1300,1465.26,U
sh600519,贵州茅台,13:38:58,1465.3,1100,1465.26,E
sh600519,贵州茅台,13:39:04,1464.88,2100,1465.3,D
sh600519,贵州茅台,13:39:10,1464.72,200,1464.88,U
sh600519,贵州茅台,13:39:13,1464.21,500,1464.72,D
sh600519,贵州茅台,13:39:16,1464.21,300,1464.21,D
sh600519,贵州茅台,13:39:19,1465.06,200,1464.21,U
sh600519,贵州茅台,13:39:22,1464.41,300,1465.06,E
sh600519,贵州茅台,13:39:25,1465.05,300,1464.41,U
sh600519,贵州茅台,13:39:28,1464.3,200,1465.05,D
sh600519,贵州茅台,13:39:34,1463.5,1500,1464.07,D
sh600519,贵州茅台,13:39:40,1463.21,200,1463.68,D
sh600519,贵州茅台,13:39:43,1463.5,1000,1463.21,D
sh600519,贵州茅台,13:39:46,1463.5,200,1463.5,E
sh600519,贵州茅台,13:39:52,1463.2,1100,1464.05,D
sh600519,贵州茅台,13:39:55,1463.02,300,1463.2,D
sh600519,贵州茅台,13:39:58,1463.02,200,1463.02,D
sh600519,贵州茅台,13:40:01,1463.21,300,1463.02,U
sh600519,贵州茅台,13:40:04,1463.0,1600,1463.21,D
sh600519,贵州茅台,13:40:07,1463.02,500,1463.0,U
sh600519,贵州茅台,13:40:10,1462.94,200,1463.02,D
sh600519,贵州茅台,13:40:13,1463.0,400,1462.94,U
sh600519,贵州茅台,13:40:16,1462.58,300,1463.0,D
sh600519,贵州茅台,13:40:19,1462.58,900,1462.58,D
sh600519,贵州茅台,13:40:22,1462.5,300,1462.58,D
sh600519,贵州茅台,13:40:25,1462.08,500,1462.5,D
sh600519,贵州茅台,13:40:31,1462.31,200,1462.08,D
sh600519,贵州茅台,13:40:37,1462.58,400,1462.58,U
sh600519,贵州茅台,13:40:40,1462.99,300,1462.58,U
sh600519,贵州茅台,13:40:43,1464.05,1100,1462.99,U
sh600519,贵州茅台,13:40:46,1464.95,800,1464.05,U
sh600519,贵州茅台,13:40:49,1464.89,400,1464.95,E
sh600519,贵州茅台,13:40:52,1463.24,1300,1464.89,E
sh600519,贵州茅台,13:40:55,1464.9,800,1463.24,E
sh600519,贵州茅台,13:40:58,1465.06,1300,1464.9,U
sh600519,贵州茅台,13:41:01,1465.6,1700,1465.06,E
sh600519,贵州茅台,13:41:04,1465.63,600,1465.6,U
sh600519,贵州茅台,13:41:07,1465.88,300,1465.63,U
sh600519,贵州茅台,13:41:10,1465.61,600,1465.88,D
sh600519,贵州茅台,13:41:13,1465.88,700,1465.61,U
sh600519,贵州茅台,13:41:16,1465.06,500,1465.88,D
sh600519,贵州茅台,13:41:31,1464.15,500,1465.06,D
sh600519,贵州茅台,13:41:34,1463.8,600,1464.15,D
sh600519,贵州茅台,13:41:37,1464.13,200,1463.8,U
sh600519,贵州茅台,13:41:40,1463.75,600,1464.13,D
sh600519,贵州茅台,13:41:43,1463.75,200,1463.75,D
sh600519,贵州茅台,13:41:49,1462.58,400,1463.19,D
sh600519,贵州茅台,13:41:52,1463.1,200,1462.58,E
sh600519,贵州茅台,13:42:01,1462.31,200,1463.0,D
sh600519,贵州茅台,13:42:04,1462.31,300,1462.31,D
sh600519,贵州茅台,13:42:07,1462.32,300,1462.31,E
sh600519,贵州茅台,13:42:10,1462.01,1000,1462.32,D
sh600519,贵州茅台,13:42:13,1462.25,1200,1462.01,U
sh600519,贵州茅台,13:42:16,1462.3,300,1462.25,E
sh600519,贵州茅台,13:42:19,1462.3,300,1462.3,U
sh600519,贵州茅台,13:42:22,1462.31,1600,1462.3,D
sh600519,贵州茅台,13:42:31,1463.07,300,1463.07,U
sh600519,贵州茅台,13:42:37,1463.12,200,1463.07,E
sh600519,贵州茅台,13:42:40,1462.01,200,1463.12,D
sh600519,贵州茅台,13:42:46,1462.09,1200,1462.01,D
sh600519,贵州茅台,13:42:49,1462.09,1200,1462.09,U
sh600519,贵州茅台,13:42:52,1462.0,700,1462.09,D
sh600519,贵州茅台,13:42:55,1462.09,300,1462.0,U
sh600519,贵州茅台,13:42:58,1462.09,200,1462.09,U
sh600519,贵州茅台,13:43:01,1462.03,1100,1462.09,D
sh600519,贵州茅台,13:43:04,1462.09,2300,1462.03,U
sh600519,贵州茅台,13:43:07,1462.09,2700,1462.09,U
sh600519,贵州茅台,13:43:10,1462.1,1000,1462.09,E
sh600519,贵州茅台,13:43:13,1463.67,600,1462.1,E
sh600519,贵州茅台,13:43:16,1463.69,1100,1463.67,U
sh600519,贵州茅台,13:43:19,1463.48,500,1463.69,E
sh600519,贵州茅台,13:43:25,1463.49,200,1463.48,U
sh600519,贵州茅台,13:43:28,1462.5,200,1463.49,E
sh600519,贵州茅台,13:43:34,1463.28,300,1462.2,E
sh600519,贵州茅台,13:43:37,1463.28,3700,1463.28,U
sh600519,贵州茅台,13:43:43,1463.47,500,1463.28,U
sh600519,贵州茅台,13:43:46,1463.75,300,1463.47,U
sh600519,贵州茅台,13:43:52,1463.75,500,1463.75,U
sh600519,贵州茅台,13:43:55,1463.75,200,1463.75,U
sh600519,贵州茅台,13:43:58,1463.75,600,1463.75,U
sh600519,贵州茅台,13:44:01,1463.75,400,1463.75,D
sh600519,贵州茅台,13:44:07,1464.0,1000,1463.75,U
sh600519,贵州茅台,13:44:10,1463.75,1100,1464.0,D
sh600519,贵州茅台,13:44:13,1464.83,300,1463.75,U
sh600519,贵州茅台,13:44:16,1464.0,300,1464.83,D
sh600519,贵州茅台,13:44:19,1464.81,300,1464.0,U
sh600519,贵州茅台,13:44:25,1464.74,200,1464.81,E
sh600519,贵州茅台,13:44:28,1464.0,300,1464.74,D
sh600519,贵州茅台,13:44:34,1464.8,200,1464.0,U
sh600519,贵州茅台,13:44:37,1464.81,200,1464.8,U
sh600519,贵州茅台,13:44:52,1464.44,300,1464.75,E
sh600519,贵州茅台,13:45:13,1464.38,300,1463.4,U
sh600519,贵州茅台,13:45:16,1464.38,200,1464.38,E
sh600519,贵州茅台,13:45:22,1464.8,400,1464.39,U
sh600519,贵州茅台,13:45:25,1465.0,500,1464.8,U
sh600519,贵州茅台,13:45:28,1465.6,700,1465.0,U
sh600519,贵州茅台,13:45:31,1465.77,900,1465.6,U
sh600519,贵州茅台,13:45:52,1465.84,400,1465.87,E
sh600519,贵州茅台,13:45:58,1465.01,300,1465.84,D
sh600519,贵州茅台,13:46:01,1464.39,300,1465.01,D
sh600519,贵州茅台,13:46:07,1464.99,200,1464.39,U
sh600519,贵州茅台,13:46:16,1464.99,200,1464.99,U
sh600519,贵州茅台,13:46:19,1463.71,500,1464.99,E
sh600519,贵州茅台,13:46:25,1465.0,300,1463.71,U
sh600519,贵州茅台,13:46:28,1465.02,400,1465.0,U
sh600519,贵州茅台,13:46:43,1464.99,600,1465.8,D
sh600519,贵州茅台,13:46:55,1465.01,500,1465.01,D
sh600519,贵州茅台,13:46:58,1464.99,400,1465.01,D
sh600519,贵州茅台,13:47:07,1464.92,400,1463.69,U
sh600519,贵州茅台,13:47:10,1463.69,300,1464.92,E
sh600519,贵州茅台,13:47:13,1463.7,600,1463.69,D
sh600519,贵州茅台,13:47:16,1464.98,200,1463.7,U
sh600519,贵州茅台,13:47:19,1465.01,401,1464.98,U
sh600519,贵州茅台,13:47:22,1465.74,800,1465.01,U
sh600519,贵州茅台,13:47:25,1465.7,300,1465.74,E
sh600519,贵州茅台,13:47:49,1465.05,300,1465.05,D
sh600519,贵州茅台,13:47:52,1465.04,200,1465.05,D
sh600519,贵州茅台,13:48:01,1464.21,200,1465.04,E
sh600519,贵州茅台,13:48:16,1464.91,200,1465.03,U
sh600519,贵州茅台,13:48:19,1465.03,300,1464.91,U
sh600519,贵州茅台,13:48:25,1464.22,200,1464.2,E
sh600519,贵州茅台,13:48:34,1464.2,300,1464.21,D
sh600519,贵州茅台,13:48:37,1464.2,400,1464.2,D
sh600519,贵州茅台,13:48:40,1464.1,200,1464.2,D
sh600519,贵州茅台,13:48:49,1464.2,200,1464.1,U
sh600519,贵州茅台,13:48:52,1464.89,200,1464.2,U
sh600519,贵州茅台,13:48:55,1464.11,500,1464.89,D
sh600519,贵州茅台,13:48:58,1464.88,200,1464.11,E
sh600519,贵州茅台,13:49:01,1464.88,200,1464.88,E
sh600519,贵州茅台,13:49:10,1464.88,200,1464.12,U
sh600519,贵州茅台,13:49:13,1465.04,1900,1464.88,U
sh600519,贵州茅台,13:49:16,1465.7,900,1465.04,U
sh600519,贵州茅台,13:49:19,1465.82,800,1465.7,U
sh600519,贵州茅台,13:49:22,1465.81,400,1465.82,U
sh600519,贵州茅台,13:49:25,1465.82,700,1465.81,U
sh600519,贵州茅台,13:49:28,1466.0,2600,1465.82,U
sh600519,贵州茅台,13:49:31,1466.0,900,1466.0,U
sh600519,贵州茅台,13:49:34,1464.36,1300,1466.0,D
sh600519,贵州茅台,13:49:37,1466.0,1100,1464.36,U
sh600519,贵州茅台,13:49:40,1466.65,200,1466.0,U
sh600519,贵州茅台,13:49:43,1464.57,300,1466.65,D
sh600519,贵州茅台,13:50:01,1465.01,200,1465.99,D
sh600519,贵州茅台,13:50:04,1465.98,200,1465.01,U
sh600519,贵州茅台,13:50:07,1466.6,1200,1465.98,U
sh600519,贵州茅台,13:50:10,1465.99,900,1466.6,D
sh600519,贵州茅台,13:50:16,1465.99,300,1465.99,D
sh600519,贵州茅台,13:50:19,1465.98,400,1465.99,D
sh600519,贵州茅台,13:50:22,1466.0,300,1465.98,U
sh600519,贵州茅台,13:50:25,1465.97,200,1466.0,D
sh600519,贵州茅台,13:50:28,1465.97,300,1465.97,U
sh600519,贵州茅台,13:50:31,1465.99,400,1465.97,U
sh600519,贵州茅台,13:50:34,1465.14,300,1465.99,E
sh600519,贵州茅台,13:50:37,1466.0,300,1465.14,U
sh600519,贵州茅台,13:50:40,1466.0,300,1466.0,U
sh600519,贵州茅台,13:50:46,1465.97,400,1466.0,D
sh600519,贵州茅台,13:50:49,1466.93,500,1465.97,U
sh600519,贵州茅台,13:50:52,1466.0,200,1466.93,E
sh600519,贵州茅台,13:50:55,1467.0,400,1466.0,U
sh600519,贵州茅台,13:50:58,1467.0,500,1467.0,U
sh600519,贵州茅台,13:51:01,1467.69,1100,1467.0,U
sh600519,贵州茅台,13:51:04,1468.0,1200,1467.69,U
sh600519,贵州茅台,13:51:07,1467.69,3700,1468.0,D
sh600519,贵州茅台,13:51:10,1468.15,700,1467.69,U
sh600519,贵州茅台,13:51:13,1468.3,200,1468.15,U
sh600519,贵州茅台,13:51:16,1468.3,1300,1468.3,U
sh600519,贵州茅台,13:51:19,1468.0,200,1468.3,D
sh600519,贵州茅台,13:51:22,1468.3,200,1468.0,U
sh600519,贵州茅台,13:51:28,1467.64,300,1468.3,D
sh600519,贵州茅台,13:51:31,1467.63,500,1467.64,D
sh600519,贵州茅台,13:51:37,1468.01,1400,1467.63,U
sh600519,贵州茅台,13:51:40,1466.52,200,1468.01,D
sh600519,贵州茅台,13:51:46,1467.64,300,1467.64,U
sh600519,贵州茅台,13:51:49,1467.94,300,1467.64,U
sh600519,贵州茅台,13:51:55,1467.94,400,1467.94,U
sh600519,贵州茅台,13:52:01,1467.93,200,1466.54,U
sh600519,贵州茅台,13:52:07,1467.95,900,1467.93,U
sh600519,贵州茅台,13:52:10,1468.0,800,1467.95,U
sh600519,贵州茅台,13:52:16,1468.0,1400,1468.0,U
sh600519,贵州茅台,13:52:19,1468.0,1000,1468.0,U
sh600519,贵州茅台,13:52:22,1467.99,500,1468.0,U
sh600519,贵州茅台,13:52:25,1467.73,400,1467.99,E
sh600519,贵州茅台,13:52:28,1467.72,400,1467.73,D
sh600519,贵州茅台,13:52:31,1467.99,200,1467.72,E
sh600519,贵州茅台,13:52:34,1468.0,400,1467.99,U
sh600519,贵州茅台,13:52:37,1467.79,600,1468.0,E
sh600519,贵州茅台,13:52:43,1468.0,500,1467.99,U
sh600519,贵州茅台,13:52:46,1467.84,900,1468.0,E
sh600519,贵州茅台,13:52:49,1468.0,300,1467.84,U
sh600519,贵州茅台,13:52:55,1468.0,2000,1468.0,U
sh600519,贵州茅台,13:52:58,1468.01,400,1468.0,U
sh600519,贵州茅台,13:53:01,1467.85,300,1468.01,D
sh600519,贵州茅台,13:53:04,1468.66,2000,1467.85,U
sh600519,贵州茅台,13:53:07,1468.98,2516,1468.66,U
sh600519,贵州茅台,13:53:10,1469.0,1300,1468.98,U
sh600519,贵州茅台,13:53:13,1468.98,600,1469.0,D
sh600519,贵州茅台,13:53:16,1468.98,1000,1468.98,E
sh600519,贵州茅台,13:53:19,1469.0,700,1468.98,U
sh600519,贵州茅台,13:53:22,1469.0,1300,1469.0,U
sh600519,贵州茅台,13:53:25,1468.98,700,1469.0,E
sh600519,贵州茅台,13:53:28,1468.41,800,1468.98,D
sh600519,贵州茅台,13:53:31,1468.35,300,1468.41,D
sh600519,贵州茅台,13:53:34,1468.88,300,1468.35,U
sh600519,贵州茅台,13:53:37,1468.35,900,1468.88,D
sh600519,贵州茅台,13:53:40,1468.86,200,1468.35,U
sh600519,贵州茅台,13:53:46,1468.9,500,1468.87,U
sh600519,贵州茅台,13:53:49,1468.98,200,1468.9,U
sh600519,贵州茅台,13:54:01,1468.35,300,1468.37,D
sh600519,贵州茅台,13:54:04,1468.97,600,1468.35,U
sh600519,贵州茅台,13:54:07,1468.98,1300,1468.97,U
sh600519,贵州茅台,13:54:10,1468.86,1000,1468.98,D
sh600519,贵州茅台,13:54:13,1468.97,300,1468.86,U
sh600519,贵州茅台,13:54:16,1468.97,200,1468.97,U
sh600519,贵州茅台,13:54:19,1468.96,600,1468.97,D
sh600519,贵州茅台,13:54:22,1468.98,300,1468.96,U
sh600519,贵州茅台,13:54:34,1467.79,300,1467.79,D
sh600519,贵州茅台,13:54:37,1467.83,300,1467.79,E
sh600519,贵州茅台,13:54:40,1468.78,200,1467.83,U
sh600519,贵州茅台,13:54:43,1467.85,400,1468.78,E
sh600519,贵州茅台,13:54:49,1468.78,200,1468.78,D
sh600519,贵州茅台,13:54:52,1468.88,600,1468.78,U
sh600519,贵州茅台,13:54:55,1468.79,700,1468.88,D
sh600519,贵州茅台,13:54:58,1468.79,400,1468.79,E
sh600519,贵州茅台,13:55:04,1468.93,600,1468.85,E
sh600519,贵州茅台,13:55:07,1468.96,1000,1468.93,U
sh600519,贵州茅台,13:55:10,1468.95,500,1468.96,D
sh600519,贵州茅台,13:55:13,1468.96,800,1468.95,D
sh600519,贵州茅台,13:55:16,1468.78,300,1468.96,D
sh600519,贵州茅台,13:55:19,1468.94,300,1468.78,E
sh600519,贵州茅台,13:55:22,1468.99,800,1468.94,U
sh600519,贵州茅台,13:55:25,1468.9,700,1468.99,E
sh600519,贵州茅台,13:55:28,1468.99,900,1468.9,U
sh600519,贵州茅台,13:55:34,1468.97,1000,1468.99,U
sh600519,贵州茅台,13:55:37,1468.97,300,1468.97,D
sh600519,贵州茅台,13:55:40,1468.99,200,1468.97,U
sh600519,贵州茅台,13:55:43,1468.99,700,1468.99,U
sh600519,贵州茅台,13:55:46,1468.99,200,1468.99,D
sh600519,贵州茅台,13:55:49,1469.2,3600,1468.99,U
sh600519,贵州茅台,13:55:52,1469.3,1600,1469.2,U
sh600519,贵州茅台,13:55:55,1469.49,900,1469.3,U
sh600519,贵州茅台,13:55:58,1469.5,1000,1469.49,U
sh600519,贵州茅台,13:56:01,1469.5,800,1469.5,U
sh600519,贵州茅台,13:56:04,1469.5,3900,1469.5,U
sh600519,贵州茅台,13:56:07,1469.69,2900,1469.5,U
sh600519,贵州茅台,13:56:10,1469.6,200,1469.69,D
sh600519,贵州茅台,13:56:13,1469.8,600,1469.6,U
sh600519,贵州茅台,13:56:19,1469.69,500,1469.69,D
sh600519,贵州茅台,13:56:22,1469.85,200,1469.69,U
sh600519,贵州茅台,13:56:28,1469.51,1200,1469.85,E
sh600519,贵州茅台,13:56:31,1469.85,300,1469.51,E
sh600519,贵州茅台,13:56:34,1469.86,1200,1469.85,U
sh600519,贵州茅台,13:56:37,1469.89,1000,1469.86,U
sh600519,贵州茅台,13:56:40,1469.8,800,1469.89,E
sh600519,贵州茅台,13:56:43,1469.98,700,1469.8,U
sh600519,贵州茅台,13:56:46,1469.99,1000,1469.98,U
sh600519,贵州茅台,13:56:49,1469.99,700,1469.99,U
sh600519,贵州茅台,13:56:52,1470.0,1000,1469.99,U
sh600519,贵州茅台,13:56:55,1470.0,3800,1470.0,U
sh600519,贵州茅台,13:56:58,1469.98,1300,1470.0,D
sh600519,贵州茅台,13:57:01,1469.99,600,1469.98,U
sh600519,贵州茅台,13:57:04,1470.0,17900,1469.99,U
sh600519,贵州茅台,13:57:07,1470.67,7000,1470.0,U
sh600519,贵州茅台,13:57:10,1471.4,3300,1470.67,U
sh600519,贵州茅台,13:57:13,1471.74,700,1471.4,U
sh600519,贵州茅台,13:57:16,1472.0,1000,1471.74,U
sh600519,贵州茅台,13:57:19,1471.42,2000,1472.0,D
sh600519,贵州茅台,13:57:22,1472.0,500,1471.42,U
sh600519,贵州茅台,13:57:25,1471.42,700,1472.0,D
sh600519,贵州茅台,13:57:31,1471.21,200,1471.98,E
sh600519,贵州茅台,13:57:34,1470.26,200,1471.21,D
sh600519,贵州茅台,13:57:40,1471.22,1000,1471.21,U
sh600519,贵州茅台,13:57:43,1471.22,400,1471.22,U
sh600519,贵州茅台,13:57:46,1471.22,300,1471.22,D
