symbol,name,ticktime,price,volume,prev_price,kind
sh600519,贵州茅台,09:25:01,1438.0,32700,0.0,U
sh600519,贵州茅台,09:30:00,1437.0,600,1438.0,D
sh600519,贵州茅台,09:30:03,1436.99,1700,1437.0,E
sh600519,贵州茅台,09:30:06,1436.01,7100,1436.99,D
sh600519,贵州茅台,09:30:09,1437.0,4200,1436.01,U
sh600519,贵州茅台,09:30:12,1437.5,3800,1437.0,U
sh600519,贵州茅台,09:30:15,1437.0,5300,1437.5,E
sh600519,贵州茅台,09:30:18,1436.0,3700,1437.0,D
sh600519,贵州茅台,09:30:21,1436.21,3500,1436.0,E
sh600519,贵州茅台,09:30:24,1436.0,5700,1436.21,D
sh600519,贵州茅台,09:30:27,1437.03,1500,1436.0,U
sh600519,贵州茅台,09:30:30,1437.99,3200,1437.03,U
sh600519,贵州茅台,09:30:33,1438.0,2100,1437.99,U
sh600519,贵州茅台,09:30:36,1438.0,2300,1438.0,U
sh600519,贵州茅台,09:30:39,1438.36,4100,1438.0,U
sh600519,贵州茅台,09:30:42,1438.31,4500,1438.36,D
sh600519,贵州茅台,09:30:45,1437.59,2200,1438.31,D
sh600519,贵州茅台,09:30:48,1438.0,700,1437.59,U
sh600519,贵州茅台,09:30:51,1436.99,900,1438.0,D
sh600519,贵州茅台,09:30:54,1438.0,1800,1436.99,U
sh600519,贵州茅台,09:30:57,1436.1,1200,1438.0,D
sh600519,贵州茅台,09:31:00,1437.59,1300,1436.1,E
sh600519,贵州茅台,09:31:03,1437.0,3400,1437.59,D
sh600519,贵州茅台,09:31:06,1436.99,1400,1437.0,U
sh600519,贵州茅台,09:31:09,1437.5,700,1436.99,U
sh600519,贵州茅台,09:31:12,1437.5,1300,1437.5,E
sh600519,贵州茅台,09:31:15,1437.88,1100,1437.5,U
sh600519,贵州茅台,09:31:18,1437.5,1000,1437.88,U
sh600519,贵州茅台,09:31:21,1437.9,2300,1437.5,U
sh600519,贵州茅台,09:31:24,1437.48,1100,1437.9,U
sh600519,贵州茅台,09:31:27,1437.51,400,1437.48,D
sh600519,贵州茅台,09:31:30,1437.48,600,1437.51,E
sh600519,贵州茅台,09:31:33,1437.51,1100,1437.48,U
sh600519,贵州茅台,09:31:36,1436.66,4000,1437.51,D
sh600519,贵州茅台,09:31:39,1437.0,3600,1436.66,U
sh600519,贵州茅台,09:31:42,1436.66,300,1437.0,D
sh600519,贵州茅台,09:31:45,1436.66,300,1436.66,E
sh600519,贵州茅台,09:31:48,1436.13,700,1436.66,D
sh600519,贵州茅台,09:31:51,1436.66,3800,1436.13,U
sh600519,贵州茅台,09:31:54,1436.2,1700,1436.66,U
sh600519,贵州茅台,09:31:57,1436.0,500,1436.2,D
sh600519,贵州茅台,09:32:00,1436.0,900,1436.0,D
sh600519,贵州茅台,09:32:03,1435.66,3200,1436.0,D
sh600519,贵州茅台,09:32:06,1434.0,3600,1435.66,D
sh600519,贵州茅台,09:32:09,1435.1,2900,1434.0,U
sh600519,贵州茅台,09:32:12,1435.62,700,1435.1,E
sh600519,贵州茅台,09:32:15,1434.49,800,1435.62,D
sh600519,贵州茅台,09:32:18,1436.0,3100,1434.49,U
sh600519,贵州茅台,09:32:21,1436.21,2230,1436.0,U
sh600519,贵州茅台,09:32:24,1437.03,2000,1436.21,U
sh600519,贵州茅台,09:32:27,1436.86,1200,1437.03,D
sh600519,贵州茅台,09:32:33,1436.99,600,1437.0,E
sh600519,贵州茅台,09:32:36,1436.86,400,1436.99,E
sh600519,贵州茅台,09:32:39,1437.0,1200,1436.86,U
sh600519,贵州茅台,09:32:42,1437.03,3800,1437.0,U
sh600519,贵州茅台,09:32:45,1437.02,1600,1437.03,D
sh600519,贵州茅台,09:32:48,1437.46,1600,1437.02,E
sh600519,贵州茅台,09:32:54,1437.43,800,1437.47,D
sh600519,贵州茅台,09:32:57,1437.79,900,1437.43,U
sh600519,贵州茅台,09:33:00,1437.36,1900,1437.79,D
sh600519,贵州茅台,09:33:03,1435.93,3200,1437.36,D
sh600519,贵州茅台,09:33:06,1436.85,2200,1435.93,U
sh600519,贵州茅台,09:33:09,1435.94,500,1436.85,D
sh600519,贵州茅台,09:33:12,1435.1,1400,1435.94,D
sh600519,贵州茅台,09:33:15,1436.83,900,1435.1,E
sh600519,贵州茅台,09:33:18,1435.91,2700,1436.83,D
sh600519,贵州茅台,09:33:21,1436.0,500,1435.91,U
sh600519,贵州茅台,09:33:24,1435.94,500,1436.0,D
sh600519,贵州茅台,09:33:27,1435.85,200,1435.94,E
sh600519,贵州茅台,09:33:30,1435.05,500,1435.85,D
sh600519,贵州茅台,09:33:33,1435.94,200,1435.05,U
sh600519,贵州茅台,09:33:36,1435.1,300,1435.94,D
sh600519,贵州茅台,09:33:39,1435.89,600,1435.1,E
sh600519,贵州茅台,09:33:42,1435.33,3700,1435.89,D
sh600519,贵州茅台,09:33:45,1435.85,1400,1435.33,E
sh600519,贵州茅台,09:33:48,1435.4,1000,1435.85,D
sh600519,贵州茅台,09:33:51,1436.21,1100,1435.4,E
sh600519,贵州茅台,09:33:54,1436.21,300,1436.21,D
sh600519,贵州茅台,09:33:57,1437.02,600,1436.21,U
sh600519,贵州茅台,09:34:00,1436.99,500,1437.02,U
sh600519,贵州茅台,09:34:03,1436.2,400,1436.99,D
sh600519,贵州茅台,09:34:06,1436.2,700,1436.2,D
sh600519,贵州茅台,09:34:09,1436.2,700,1436.2,D
sh600519,贵州茅台,09:34:12,1436.21,1200,1436.2,U
sh600519,贵州茅台,09:34:15,1437.0,2000,1436.21,U
sh600519,贵州茅台,09:34:18,1436.99,900,1437.0,U
sh600519,贵州茅台,09:34:21,1436.21,400,1436.99,D
sh600519,贵州茅台,09:34:24,1435.4,1200,1436.21,D
sh600519,贵州茅台,09:34:27,1436.21,600,1435.4,U
sh600519,贵州茅台,09:34:30,1436.21,600,1436.21,U
sh600519,贵州茅台,09:34:33,1436.0,600,1436.21,E
sh600519,贵州茅台,09:34:36,1436.01,600,1436.0,E
sh600519,贵州茅台,09:34:39,1436.01,1000,1436.01,D
sh600519,贵州茅台,09:34:42,1436.0,1300,1436.01,D
sh600519,贵州茅台,09:34:45,1435.99,700,1436.0,E
sh600519,贵州茅台,09:34:48,1435.41,1100,1435.99,D
sh600519,贵州茅台,09:34:51,1435.36,600,1435.41,D
sh600519,贵州茅台,09:34:54,1435.41,400,1435.36,U
sh600519,贵州茅台,09:34:57,1435.26,1300,1435.41,D
sh600519,贵州茅台,09:35:00,1435.3,600,1435.26,E
sh600519,贵州茅台,09:35:03,1435.33,2100,1435.3,U
sh600519,贵州茅台,09:35:06,1435.25,400,1435.33,D
sh600519,贵州茅台,09:35:09,1435.33,800,1435.25,E
sh600519,贵州茅台,09:35:12,1435.33,500,1435.33,E
sh600519,贵州茅台,09:35:15,1435.25,1500,1435.33,D
sh600519,贵州茅台,09:35:18,1435.86,500,1435.25,U
sh600519,贵州茅台,09:35:21,1435.33,500,1435.86,D
sh600519,贵州茅台,09:35:24,1435.25,300,1435.33,E
sh600519,贵州茅台,09:35:27,1435.24,1300,1435.25,D
sh600519,贵州茅台,09:35:30,1435.25,600,1435.24,E
sh600519,贵州茅台,09:35:33,1435.25,1800,1435.25,D
sh600519,贵州茅台,09:35:36,1435.33,900,1435.25,U
sh600519,贵州茅台,09:35:39,1435.92,500,1435.33,U
sh600519,贵州茅台,09:35:42,1435.92,400,1435.92,U
sh600519,贵州茅台,09:35:45,1436.18,3300,1435.92,U
sh600519,贵州茅台,09:35:48,1436.3,1500,1436.18,U
sh600519,贵州茅台,09:35:51,1436.33,200,1436.3,U
sh600519,贵州茅台,09:36:03,1436.66,300,1436.5,D
sh600519,贵州茅台,09:36:06,1436.94,500,1436.66,E
sh600519,贵州茅台,09:36:09,1436.66,900,1436.94,D
sh600519,贵州茅台,09:36:12,1436.66,200,1436.66,U
sh600519,贵州茅台,09:36:15,1436.66,600,1436.66,U
sh600519,贵州茅台,09:36:18,1436.5,500,1436.66,D
sh600519,贵州茅台,09:36:21,1436.63,700,1436.5,E
sh600519,贵州茅台,09:36:24,1436.5,1400,1436.63,D
sh600519,贵州茅台,09:36:27,1436.46,500,1436.5,D
sh600519,贵州茅台,09:36:30,1436.5,600,1436.46,U
sh600519,贵州茅台,09:36:33,1436.96,600,1436.5,U
sh600519,贵州茅台,09:36:39,1436.47,1000,1436.68,D
sh600519,贵州茅台,09:36:42,1436.46,200,1436.47,D
sh600519,贵州茅台,09:36:45,1436.33,1500,1436.46,D
sh600519,贵州茅台,09:36:48,1436.45,900,1436.33,E
sh600519,贵州茅台,09:36:51,1436.38,300,1436.45,E
sh600519,贵州茅台,09:36:54,1436.39,600,1436.38,U
sh600519,贵州茅台,09:36:57,1436.42,2400,1436.39,U
sh600519,贵州茅台,09:37:00,1436.95,500,1436.42,U
sh600519,贵州茅台,09:37:03,1437.79,4100,1436.95,U
sh600519,贵州茅台,09:37:06,1437.8,1100,1437.79,D
sh600519,贵州茅台,09:37:09,1437.8,1000,1437.8,U
sh600519,贵州茅台,09:37:12,1437.76,1400,1437.8,E
sh600519,贵州茅台,09:37:15,1436.97,2000,1437.76,D
sh600519,贵州茅台,09:37:18,1436.99,1400,1436.97,U
sh600519,贵州茅台,09:37:21,1437.25,800,1436.99,U
sh600519,贵州茅台,09:37:24,1436.61,300,1437.25,D
sh600519,贵州茅台,09:37:27,1436.61,1100,1436.61,D
sh600519,贵州茅台,09:37:30,1436.44,1600,1436.61,D
sh600519,贵州茅台,09:37:33,1436.98,2000,1436.44,U
sh600519,贵州茅台,09:37:36,1436.34,1800,1436.98,D
sh600519,贵州茅台,09:37:39,1436.26,2300,1436.34,D
sh600519,贵州茅台,09:37:42,1436.0,700,1436.26,D
sh600519,贵州茅台,09:37:45,1435.07,5400,1436.0,D
sh600519,贵州茅台,09:37:48,1435.63,300,1435.07,U
sh600519,贵州茅台,09:37:51,1435.77,600,1435.63,U
sh600519,贵州茅台,09:37:54,1435.05,900,1435.77,D
sh600519,贵州茅台,09:37:57,1435.06,500,1435.05,U
sh600519,贵州茅台,09:38:00,1435.07,500,1435.06,E
sh600519,贵州茅台,09:38:03,1435.06,200,1435.07,D
sh600519,贵州茅台,09:38:06,1435.05,800,1435.06,D
sh600519,贵州茅台,09:38:09,1435.06,1000,1435.05,U
sh600519,贵州茅台,09:38:12,1435.05,700,1435.06,D
sh600519,贵州茅台,09:38:15,1435.06,200,1435.05,E
sh600519,贵州茅台,09:38:18,1435.01,800,1435.06,D
sh600519,贵州茅台,09:38:21,1435.0,8500,1435.01,D
sh600519,贵州茅台,09:38:24,1434.61,1700,1435.0,D
sh600519,贵州茅台,09:38:27,1434.57,900,1434.61,U
sh600519,贵州茅台,09:38:30,1434.43,700,1434.57,D
sh600519,贵州茅台,09:38:33,1434.45,200,1434.43,E
sh600519,贵州茅台,09:38:36,1434.43,900,1434.45,D
sh600519,贵州茅台,09:38:39,1433.88,3300,1434.43,D
sh600519,贵州茅台,09:38:42,1433.6,4100,1433.88,D
sh600519,贵州茅台,09:38:45,1433.0,1400,1433.6,D
sh600519,贵州茅台,09:38:48,1433.0,1400,1433.0,D
sh600519,贵州茅台,09:38:51,1432.97,300,1433.0,E
sh600519,贵州茅台,09:38:54,1433.0,1500,1432.97,U
sh600519,贵州茅台,09:38:57,1432.01,300,1433.0,D
sh600519,贵州茅台,09:39:00,1432.02,200,1432.01,D
sh600519,贵州茅台,09:39:03,1432.01,800,1432.02,D
sh600519,贵州茅台,09:39:06,1432.0,1900,1432.01,D
sh600519,贵州茅台,09:39:09,1431.12,1200,1432.0,D
sh600519,贵州茅台,09:39:12,1431.65,400,1431.12,U
sh600519,贵州茅台,09:39:15,1431.56,900,1431.65,E
sh600519,贵州茅台,09:39:18,1431.01,1900,1431.56,E
sh600519,贵州茅台,09:39:21,1430.98,2300,1431.01,D
sh600519,贵州茅台,09:39:24,1430.98,600,1430.98,U
sh600519,贵州茅台,09:39:27,1430.04,2600,1430.98,D
sh600519,贵州茅台,09:39:30,1430.04,2100,1430.04,D
sh600519,贵州茅台,09:39:33,1430.03,2700,1430.04,D
sh600519,贵州茅台,09:39:36,1430.1,1400,1430.03,U
sh600519,贵州茅台,09:39:39,1430.89,2000,1430.1,U
sh600519,贵州茅台,09:39:42,1430.1,2400,1430.89,D
sh600519,贵州茅台,09:39:45,1430.1,700,1430.1,D
sh600519,贵州茅台,09:39:48,1430.5,300,1430.1,E
sh600519,贵州茅台,09:39:51,1430.91,800,1430.5,U
sh600519,贵州茅台,09:39:54,1430.91,600,1430.91,D
sh600519,贵州茅台,09:39:57,1431.01,1500,1430.91,U
sh600519,贵州茅台,09:40:00,1431.01,1100,1431.01,E
sh600519,贵州茅台,09:40:03,1430.08,6100,1431.01,D
sh600519,贵州茅台,09:40:06,1429.9,8200,1430.08,D
sh600519,贵州茅台,09:40:09,1430.01,1400,1429.9,U
sh600519,贵州茅台,09:40:12,1430.0,2100,1430.01,D
sh600519,贵州茅台,09:40:15,1429.99,400,1430.0,E
sh600519,贵州茅台,09:40:18,1429.13,900,1429.99,D
sh600519,贵州茅台,09:40:21,1429.86,900,1429.13,U
sh600519,贵州茅台,09:40:24,1429.9,2300,1429.86,U
sh600519,贵州茅台,09:40:27,1429.9,900,1429.9,D
sh600519,贵州茅台,09:40:30,1429.84,1000,1429.9,D
sh600519,贵州茅台,09:40:33,1429.83,2200,1429.84,E
sh600519,贵州茅台,09:40:36,1429.07,700,1429.83,D
sh600519,贵州茅台,09:40:39,1429.84,2700,1429.07,U
sh600519,贵州茅台,09:40:42,1429.86,300,1429.84,U
sh600519,贵州茅台,09:40:45,1429.08,800,1429.86,D
sh600519,贵州茅台,09:40:48,1429.1,600,1429.08,E
sh600519,贵州茅台,09:40:51,1429.8,700,1429.1,U
sh600519,贵州茅台,09:40:54,1429.8,700,1429.8,U
sh600519,贵州茅台,09:40:57,1429.8,1500,1429.8,D
sh600519,贵州茅台,09:41:00,1429.78,600,1429.8,U
sh600519,贵州茅台,09:41:03,1429.66,400,1429.78,E
sh600519,贵州茅台,09:41:06,1429.08,2000,1429.66,D
sh600519,贵州茅台,09:41:09,1429.62,1200,1429.08,U
sh600519,贵州茅台,09:41:12,1429.63,700,1429.62,D
sh600519,贵州茅台,09:41:15,1429.63,700,1429.63,U
sh600519,贵州茅台,09:41:18,1429.05,2000,1429.63,D
sh600519,贵州茅台,09:41:21,1429.64,1800,1429.05,U
sh600519,贵州茅台,09:41:24,1429.74,1000,1429.64,U
sh600519,贵州茅台,09:41:27,1429.64,500,1429.74,D
sh600519,贵州茅台,09:41:30,1429.64,500,1429.64,D
sh600519,贵州茅台,09:41:33,1429.64,400,1429.64,E
sh600519,贵州茅台,09:41:36,1429.74,500,1429.64,U
sh600519,贵州茅台,09:41:39,1429.18,900,1429.74,D
sh600519,贵州茅台,09:41:42,1429.3,500,1429.18,U
sh600519,贵州茅台,09:41:45,1429.31,300,1429.3,D
sh600519,贵州茅台,09:41:48,1429.3,200,1429.31,D
sh600519,贵州茅台,09:41:51,1429.67,300,1429.3,E
sh600519,贵州茅台,09:41:54,1429.3,400,1429.67,D
sh600519,贵州茅台,09:41:57,1429.35,900,1429.3,D
sh600519,贵州茅台,09:42:00,1429.67,900,1429.35,U
sh600519,贵州茅台,09:42:03,1429.71,1300,1429.67,U
sh600519,贵州茅台,09:42:06,1429.42,500,1429.71,D
sh600519,贵州茅台,09:42:09,1429.64,400,1429.42,E
sh600519,贵州茅台,09:42:12,1429.74,1300,1429.64,U
sh600519,贵州茅台,09:42:15,1429.44,500,1429.74,D
sh600519,贵州茅台,09:42:18,1429.67,1100,1429.44,U
sh600519,贵州茅台,09:42:21,1429.44,700,1429.67,U
sh600519,贵州茅台,09:42:24,1429.38,200,1429.44,E
sh600519,贵州茅台,09:42:27,1429.37,1800,1429.38,D
sh600519,贵州茅台,09:42:30,1429.37,700,1429.37,U
sh600519,贵州茅台,09:42:33,1429.31,500,1429.37,E
sh600519,贵州茅台,09:42:36,1429.3,200,1429.31,D
sh600519,贵州茅台,09:42:39,1429.3,200,1429.3,E
sh600519,贵州茅台,09:42:42,1429.47,600,1429.3,U
sh600519,贵州茅台,09:42:45,1429.29,900,1429.47,D
sh600519,贵州茅台,09:42:48,1429.3,800,1429.29,U
sh600519,贵州茅台,09:42:51,1429.37,400,1429.3,D
sh600519,贵州茅台,09:42:54,1429.43,1000,1429.37,U
sh600519,贵州茅台,09:42:57,1429.36,400,1429.43,D
sh600519,贵州茅台,09:43:00,1429.34,1500,1429.36,E
sh600519,贵州茅台,09:43:03,1429.39,900,1429.34,D
sh600519,贵州茅台,09:43:06,1429.3,900,1429.39,D
sh600519,贵州茅台,09:43:09,1429.01,5800,1429.3,D
sh600519,贵州茅台,09:43:12,1428.9,4500,1429.01,D
sh600519,贵州茅台,09:43:15,1428.9,500,1428.9,U
sh600519,贵州茅台,09:43:18,1428.09,1200,1428.9,D
sh600519,贵州茅台,09:43:21,1428.01,1000,1428.09,D
sh600519,贵州茅台,09:43:24,1428.01,1700,1428.01,D
sh600519,贵州茅台,09:43:27,1428.0,2400,1428.01,D
sh600519,贵州茅台,09:43:30,1428.0,2300,1428.0,D
sh600519,贵州茅台,09:43:33,1428.0,1200,1428.0,U
sh600519,贵州茅台,09:43:36,1428.0,1100,1428.0,U
sh600519,贵州茅台,09:43:39,1427.88,500,1428.0,E
sh600519,贵州茅台,09:43:42,1428.0,600,1427.88,U
sh600519,贵州茅台,09:43:45,1428.0,1610,1428.0,U
sh600519,贵州茅台,09:43:48,1428.01,400,1428.0,U
sh600519,贵州茅台,09:43:51,1428.01,1100,1428.01,U
sh600519,贵州茅台,09:43:54,1428.0,1200,1428.01,D
sh600519,贵州茅台,09:43:57,1427.5,1300,1428.0,D
sh600519,贵州茅台,09:44:00,1428.0,400,1427.5,U
sh600519,贵州茅台,09:44:03,1428.0,300,1428.0,U
sh600519,贵州茅台,09:44:06,1427.78,1200,1428.0,E
sh600519,贵州茅台,09:44:09,1427.97,300,1427.78,U
sh600519,贵州茅台,09:44:12,1427.2,400,1427.97,D
sh600519,贵州茅台,09:44:15,1427.19,700,1427.2,D
sh600519,贵州茅台,09:44:18,1427.12,500,1427.19,D
sh600519,贵州茅台,09:44:21,1427.19,1000,1427.12,U
sh600519,贵州茅台,09:44:24,1427.19,800,1427.19,U
sh600519,贵州茅台,09:44:27,1427.1,1100,1427.19,D
sh600519,贵州茅台,09:44:30,1427.19,500,1427.1,U
sh600519,贵州茅台,09:44:33,1427.5,1700,1427.19,U
sh600519,贵州茅台,09:44:36,1427.5,800,1427.5,U
sh600519,贵州茅台,09:44:39,1427.1,600,1427.5,D
sh600519,贵州茅台,09:44:42,1427.19,900,1427.1,E
sh600519,贵州茅台,09:44:45,1427.1,1200,1427.19,D
sh600519,贵州茅台,09:44:48,1427.2,600,1427.1,E
sh600519,贵州茅台,09:44:51,1427.5,300,1427.2,E
sh600519,贵州茅台,09:44:54,1427.2,300,1427.5,D
sh600519,贵州茅台,09:44:57,1427.5,300,1427.2,E
sh600519,贵州茅台,09:45:12,1427.22,400,1427.2,E
sh600519,贵州茅台,09:45:15,1427.2,200,1427.22,D
sh600519,贵州茅台,09:45:18,1427.27,300,1427.2,E
sh600519,贵州茅台,09:45:21,1427.26,1300,1427.27,D
sh600519,贵州茅台,09:45:24,1428.0,7400,1427.26,U
sh600519,贵州茅台,09:45:27,1428.16,4500,1428.0,E
sh600519,贵州茅台,09:45:30,1428.16,600,1428.16,D
sh600519,贵州茅台,09:45:33,1428.15,500,1428.16,D
sh600519,贵州茅台,09:45:36,1428.15,200,1428.15,U
sh600519,贵州茅台,09:45:39,1428.06,900,1428.15,D
sh600519,贵州茅台,09:45:45,1428.94,800,1429.51,E
sh600519,贵州茅台,09:45:48,1428.17,700,1428.94,E
sh600519,贵州茅台,09:45:51,1428.19,500,1428.17,E
sh600519,贵州茅台,09:45:54,1428.2,1000,1428.19,E
sh600519,贵州茅台,09:45:57,1429.23,900,1428.2,U
sh600519,贵州茅台,09:46:03,1429.24,200,1429.23,U
sh600519,贵州茅台,09:46:06,1429.24,800,1429.24,U
sh600519,贵州茅台,09:46:09,1429.0,600,1429.24,E
sh600519,贵州茅台,09:46:12,1429.22,600,1429.0,E
sh600519,贵州茅台,09:46:15,1429.2,200,1429.22,E
sh600519,贵州茅台,09:46:18,1429.24,500,1429.2,U
sh600519,贵州茅台,09:46:24,1429.22,300,1429.24,D
sh600519,贵州茅台,09:46:27,1429.22,500,1429.22,D
sh600519,贵州茅台,09:46:30,1429.8,1700,1429.22,U
sh600519,贵州茅台,09:46:33,1430.3,1800,1429.8,U
sh600519,贵州茅台,09:46:36,1430.32,600,1430.3,E
sh600519,贵州茅台,09:46:39,1431.24,1100,1430.32,E
sh600519,贵州茅台,09:46:45,1431.16,200,1430.5,E
sh600519,贵州茅台,09:46:48,1431.18,300,1431.16,U
sh600519,贵州茅台,09:46:51,1431.18,800,1431.18,E
sh600519,贵州茅台,09:46:54,1431.0,500,1431.18,E
sh600519,贵州茅台,09:46:57,1431.24,500,1431.0,E
sh600519,贵州茅台,09:47:00,1431.25,200,1431.24,U
sh600519,贵州茅台,09:47:03,1431.25,400,1431.25,U
sh600519,贵州茅台,09:47:06,1430.5,800,1431.25,D
sh600519,贵州茅台,09:47:09,1430.0,1400,1430.5,D
sh600519,贵州茅台,09:47:12,1429.34,500,1430.0,D
sh600519,贵州茅台,09:47:15,1429.3,200,1429.34,E
sh600519,贵州茅台,09:47:18,1429.74,400,1429.3,E
sh600519,贵州茅台,09:47:21,1430.0,800,1429.74,U
sh600519,贵州茅台,09:47:27,1429.86,500,1429.86,D
sh600519,贵州茅台,09:47:33,1429.88,400,1429.86,U
sh600519,贵州茅台,09:47:36,1429.87,300,1429.88,D
sh600519,贵州茅台,09:47:39,1430.01,1000,1429.87,U
sh600519,贵州茅台,09:47:42,1430.52,400,1430.01,U
sh600519,贵州茅台,09:47:57,1430.5,700,1430.99,D
sh600519,贵州茅台,09:48:00,1431.0,900,1430.5,U
sh600519,贵州茅台,09:48:09,1431.0,400,1431.0,U
sh600519,贵州茅台,09:48:12,1431.13,2300,1431.0,U
sh600519,贵州茅台,09:48:15,1431.17,500,1431.13,U
sh600519,贵州茅台,09:48:18,1431.13,1200,1431.17,D
sh600519,贵州茅台,09:48:21,1431.18,200,1431.13,E
sh600519,贵州茅台,09:48:24,1431.03,900,1431.18,D
sh600519,贵州茅台,09:48:27,1431.18,500,1431.03,E
sh600519,贵州茅台,09:48:30,1431.2,700,1431.18,U
sh600519,贵州茅台,09:48:33,1431.02,400,1431.2,E
sh600519,贵州茅台,09:48:36,1431.01,500,1431.02,D
sh600519,贵州茅台,09:48:39,1431.0,500,1431.01,D
sh600519,贵州茅台,09:48:42,1430.52,1600,1431.0,D
sh600519,贵州茅台,09:48:45,1430.07,1500,1430.52,D
sh600519,贵州茅台,09:48:48,1430.02,1500,1430.07,D
sh600519,贵州茅台,09:48:51,1430.06,900,1430.02,U
sh600519,贵州茅台,09:48:54,1430.02,800,1430.06,E
sh600519,贵州茅台,09:48:57,1430.0,600,1430.02,D
sh600519,贵州茅台,09:49:00,1430.04,400,1430.0,U
sh600519,贵州茅台,09:49:03,1430.0,500,1430.04,D
sh600519,贵州茅台,09:49:06,1430.0,300,1430.0,D
sh600519,贵州茅台,09:49:09,1430.0,500,1430.0,D
sh600519,贵州茅台,09:49:12,1430.0,400,1430.0,U
sh600519,贵州茅台,09:49:15,1430.02,600,1430.0,U
sh600519,贵州茅台,09:49:18,1430.04,200,1430.02,U
sh600519,贵州茅台,09:49:21,1429.88,200,1430.04,D
sh600519,贵州茅台,09:49:24,1429.88,300,1429.88,D
sh600519,贵州茅台,09:49:27,1429.91,500,1429.88,U
sh600519,贵州茅台,09:49:30,1429.88,500,1429.91,E
sh600519,贵州茅台,09:49:33,1429.87,200,1429.88,D
sh600519,贵州茅台,09:49:36,1429.88,400,1429.87,U
sh600519,贵州茅台,09:49:39,1429.88,400,1429.88,U
sh600519,贵州茅台,09:49:42,1429.87,400,1429.88,D
sh600519,贵州茅台,09:49:45,1429.83,500,1429.87,D
sh600519,贵州茅台,09:49:48,1429.23,400,1429.83,D
sh600519,贵州茅台,09:49:51,1429.75,500,1429.23,U
sh600519,贵州茅台,09:49:54,1429.22,500,1429.75,D
sh600519,贵州茅台,09:49:57,1429.19,1100,1429.22,D
sh600519,贵州茅台,09:50:00,1429.0,300,1429.19,D
sh600519,贵州茅台,09:50:03,1428.88,700,1429.0,D
sh600519,贵州茅台,09:50:09,1428.79,300,1428.8,D
sh600519,贵州茅台,09:50:15,1429.0,600,1428.8,U
sh600519,贵州茅台,09:50:18,1428.61,200,1429.0,D
sh600519,贵州茅台,09:50:21,1428.33,200,1428.61,D
sh600519,贵州茅台,09:50:24,1428.66,1000,1428.33,U
sh600519,贵州茅台,09:50:27,1428.12,1300,1428.66,D
sh600519,贵州茅台,09:50:30,1428.07,200,1428.12,E
sh600519,贵州茅台,09:50:33,1428.04,300,1428.07,D
sh600519,贵州茅台,09:50:36,1427.87,4500,1428.04,D
sh600519,贵州茅台,09:50:39,1428.0,1800,1427.87,U
sh600519,贵州茅台,09:50:42,1428.02,500,1428.0,U
sh600519,贵州茅台,09:50:45,1428.0,300,1428.02,U
sh600519,贵州茅台,09:50:48,1428.25,700,1428.0,U
sh600519,贵州茅台,09:50:51,1428.3,300,1428.25,D
sh600519,贵州茅台,09:50:57,1428.8,200,1428.8,U
sh600519,贵州茅台,09:51:00,1428.31,300,1428.8,E
sh600519,贵州茅台,09:51:03,1428.31,900,1428.31,E
sh600519,贵州茅台,09:51:06,1429.0,600,1428.31,U
sh600519,贵州茅台,09:51:09,1429.0,300,1429.0,D
sh600519,贵州茅台,09:51:12,1428.26,700,1429.0,D
sh600519,贵州茅台,09:51:15,1428.27,1100,1428.26,U
sh600519,贵州茅台,09:51:24,1428.3,500,1428.27,D
sh600519,贵州茅台,09:51:27,1428.3,400,1428.3,D
sh600519,贵州茅台,09:51:36,1428.27,481,1428.3,D
sh600519,贵州茅台,09:51:39,1428.26,200,1428.27,D
sh600519,贵州茅台,09:51:42,1428.3,400,1428.26,U
sh600519,贵州茅台,09:51:45,1428.3,219,1428.3,U
sh600519,贵州茅台,09:51:48,1428.31,200,1428.3,E
sh600519,贵州茅台,09:51:51,1428.3,400,1428.31,D
sh600519,贵州茅台,09:51:57,1428.84,200,1428.3,E
sh600519,贵州茅台,09:52:03,1428.38,200,1428.33,D
sh600519,贵州茅台,09:52:06,1429.5,800,1428.38,U
sh600519,贵州茅台,09:52:09,1429.03,600,1429.5,E
sh600519,贵州茅台,09:52:15,1429.03,400,1429.03,D
sh600519,贵州茅台,09:52:24,1429.0,800,1429.03,D
sh600519,贵州茅台,09:52:27,1429.88,500,1429.0,U
sh600519,贵州茅台,09:52:30,1429.87,200,1429.88,E
sh600519,贵州茅台,09:52:36,1429.88,300,1429.87,E
sh600519,贵州茅台,09:52:39,1429.98,500,1429.88,U
sh600519,贵州茅台,09:52:45,1429.97,700,1429.5,D
sh600519,贵州茅台,09:52:48,1429.98,400,1429.97,U
sh600519,贵州茅台,09:53:00,1429.97,200,1429.97,D
sh600519,贵州茅台,09:53:03,1429.99,300,1429.97,U
sh600519,贵州茅台,09:53:09,1429.45,1400,1429.98,D
sh600519,贵州茅台,09:53:12,1429.0,1000,1429.45,D
sh600519,贵州茅台,09:53:15,1429.0,200,1429.0,U
sh600519,贵州茅台,09:53:18,1429.0,500,1429.0,U
sh600519,贵州茅台,09:53:21,1429.0,1100,1429.0,D
sh600519,贵州茅台,09:53:33,1429.45,500,1429.0,U
sh600519,贵州茅台,09:53:51,1429.09,200,1429.08,D
sh600519,贵州茅台,09:53:54,1429.08,2900,1429.09,D
sh600519,贵州茅台,09:53:57,1429.09,800,1429.08,U
sh600519,贵州茅台,09:54:00,1429.08,1100,1429.09,D
sh600519,贵州茅台,09:54:06,1429.09,200,1429.08,D
sh600519,贵州茅台,09:54:09,1429.12,500,1429.09,U
sh600519,贵州茅台,09:54:15,1429.08,300,1429.08,D
sh600519,贵州茅台,09:54:18,1429.08,900,1429.08,D
sh600519,贵州茅台,09:54:21,1428.45,4300,1429.08,D
sh600519,贵州茅台,09:54:24,1428.63,1500,1428.45,U
sh600519,贵州茅台,09:54:27,1428.47,500,1428.63,E
sh600519,贵州茅台,09:54:33,1428.3,300,1428.3,D
sh600519,贵州茅台,09:54:36,1428.3,600,1428.3,D
sh600519,贵州茅台,09:54:45,1428.28,2000,1428.3,D
sh600519,贵州茅台,09:54:51,1428.33,200,1428.28,D
sh600519,贵州茅台,09:54:54,1428.43,400,1428.33,U
sh600519,贵州茅台,09:55:00,1428.43,200,1428.43,D
sh600519,贵州茅台,09:55:03,1428.43,400,1428.43,D
sh600519,贵州茅台,09:55:06,1428.3,800,1428.43,D
sh600519,贵州茅台,09:55:09,1428.3,600,1428.3,U
sh600519,贵州茅台,09:55:12,1428.28,500,1428.3,D
sh600519,贵州茅台,09:55:15,1428.28,500,1428.28,D
sh600519,贵州茅台,09:55:18,1428.28,300,1428.28,D
sh600519,贵州茅台,09:55:21,1428.28,300,1428.28,D
sh600519,贵州茅台,09:55:24,1428.28,1100,1428.28,D
sh600519,贵州茅台,09:55:27,1428.28,400,1428.28,D
sh600519,贵州茅台,09:55:36,1428.28,3900,1428.29,D
sh600519,贵州茅台,09:55:39,1428.29,1600,1428.28,U
sh600519,贵州茅台,09:55:42,1428.29,400,1428.29,E
sh600519,贵州茅台,09:55:45,1428.25,500,1428.29,D
sh600519,贵州茅台,09:55:48,1428.25,200,1428.25,U
sh600519,贵州茅台,09:55:51,1428.28,1300,1428.25,U
sh600519,贵州茅台,09:55:54,1429.44,3700,1428.28,U
sh600519,贵州茅台,09:55:57,1429.26,400,1429.44,D
sh600519,贵州茅台,09:56:00,1430.0,600,1429.26,U
sh600519,贵州茅台,09:56:03,1429.99,400,1430.0,E
sh600519,贵州茅台,09:56:06,1429.99,500,1429.99,D
sh600519,贵州茅台,09:56:09,1430.0,200,1429.99,U
sh600519,贵州茅台,09:56:12,1431.0,2000,1430.0,U
sh600519,贵州茅台,09:56:15,1430.46,500,1431.0,E
sh600519,贵州茅台,09:56:27,1430.99,300,1430.99,U
sh600519,贵州茅台,09:56:36,1430.99,400,1430.99,U
sh600519,贵州茅台,09:56:39,1430.99,500,1430.99,U
sh600519,贵州茅台,09:56:42,1430.98,300,1430.99,U
sh600519,贵州茅台,09:56:45,1430.98,300,1430.98,E
sh600519,贵州茅台,09:56:48,1430.99,500,1430.98,U
sh600519,贵州茅台,09:56:51,1430.99,400,1430.99,U
sh600519,贵州茅台,09:56:54,1430.98,400,1430.99,D
sh600519,贵州茅台,09:56:57,1430.99,600,1430.98,D
sh600519,贵州茅台,09:57:03,1430.99,500,1431.0,D
sh600519,贵州茅台,09:57:06,1431.0,2100,1430.99,U
sh600519,贵州茅台,09:57:09,1431.0,1200,1431.0,D
sh600519,贵州茅台,09:57:12,1431.03,200,1431.0,E
sh600519,贵州茅台,09:57:15,1431.0,400,1431.03,D
sh600519,贵州茅台,09:57:18,1431.01,300,1431.0,U
sh600519,贵州茅台,09:57:21,1431.2,2300,1431.01,U
sh600519,贵州茅台,09:57:24,1431.44,400,1431.2,U
sh600519,贵州茅台,09:57:27,1431.08,2600,1431.44,E
sh600519,贵州茅台,09:57:30,1432.0,300,1431.08,U
sh600519,贵州茅台,09:57:33,1431.99,700,1432.0,E
sh600519,贵州茅台,09:57:36,1431.67,400,1431.99,D
sh600519,贵州茅台,09:57:39,1432.0,700,1431.67,U
sh600519,贵州茅台,09:57:42,1432.0,500,1432.0,E
sh600519,贵州茅台,09:57:45,1431.68,900,1432.0,E
sh600519,贵州茅台,09:57:51,1431.68,1400,1431.68,U
sh600519,贵州茅台,09:57:54,1431.67,200,1431.68,E
sh600519,贵州茅台,09:57:57,1431.68,1200,1431.67,U
sh600519,贵州茅台,09:58:00,1432.0,500,1431.68,U
sh600519,贵州茅台,09:58:03,1431.51,700,1432.0,E
sh600519,贵州茅台,09:58:06,1432.26,1100,1431.51,U
sh600519,贵州茅台,09:58:09,1432.27,500,1432.26,E
sh600519,贵州茅台,09:58:12,1432.29,700,1432.27,E
sh600519,贵州茅台,09:58:15,1432.51,600,1432.29,E
sh600519,贵州茅台,09:58:18,1432.19,700,1432.51,D
sh600519,贵州茅台,09:58:21,1432.0,600,1432.19,D
sh600519,贵州茅台,09:58:24,1432.52,800,1432.0,U
sh600519,贵州茅台,09:58:27,1431.99,300,1432.52,D
sh600519,贵州茅台,09:58:30,1432.49,200,1431.99,U
sh600519,贵州茅台,09:58:33,1431.98,700,1432.49,E
sh600519,贵州茅台,09:58:36,1432.0,200,1431.98,E
sh600519,贵州茅台,09:58:39,1432.47,200,1432.0,E
sh600519,贵州茅台,09:58:42,1432.52,300,1432.47,D
sh600519,贵州茅台,09:58:45,1432.57,200,1432.52,U
sh600519,贵州茅台,09:58:48,1432.99,700,1432.57,U
sh600519,贵州茅台,09:58:54,1432.99,400,1433.0,D
sh600519,贵州茅台,09:58:57,1433.0,300,1432.99,D
sh600519,贵州茅台,09:59:00,1433.0,700,1433.0,D
sh600519,贵州茅台,09:59:03,1433.76,1800,1433.0,U
sh600519,贵州茅台,09:59:06,1434.18,300,1433.76,E
sh600519,贵州茅台,09:59:09,1434.41,200,1434.18,U
sh600519,贵州茅台,09:59:12,1434.41,400,1434.41,D
sh600519,贵州茅台,09:59:15,1434.43,1400,1434.41,U
sh600519,贵州茅台,09:59:18,1434.43,1200,1434.43,U
sh600519,贵州茅台,09:59:21,1433.71,300,1434.43,D
sh600519,贵州茅台,09:59:24,1433.71,500,1433.71,D
sh600519,贵州茅台,09:59:30,1434.38,700,1434.39,U
sh600519,贵州茅台,09:59:33,1433.38,300,1434.38,D
sh600519,贵州茅台,09:59:36,1433.17,400,1433.38,D
sh600519,贵州茅台,09:59:39,1433.49,300,1433.17,E
sh600519,贵州茅台,09:59:42,1434.0,400,1433.49,U
sh600519,贵州茅台,09:59:45,1433.38,200,1434.0,E
sh600519,贵州茅台,09:59:48,1433.94,500,1433.38,U
sh600519,贵州茅台,09:59:51,1434.0,500,1433.94,U
sh600519,贵州茅台,09:59:54,1433.0,2600,1434.0,D
sh600519,贵州茅台,10:00:00,1434.43,2200,1433.0,U
sh600519,贵州茅台,10:00:03,1435.35,3700,1434.43,U
sh600519,贵州茅台,10:00:06,1435.9,800,1435.35,U
sh600519,贵州茅台,10:00:09,1435.9,1500,1435.9,U
sh600519,贵州茅台,10:00:12,1434.96,1100,1435.9,D
sh600519,贵州茅台,10:00:15,1434.43,300,1434.96,D
sh600519,贵州茅台,10:00:18,1434.88,200,1434.43,U
sh600519,贵州茅台,10:00:21,1434.88,300,1434.88,U
sh600519,贵州茅台,10:00:24,1434.88,600,1434.88,E
sh600519,贵州茅台,10:00:27,1434.88,300,1434.88,D
sh600519,贵州茅台,10:00:30,1434.99,200,1434.88,D
sh600519,贵州茅台,10:00:36,1435.65,300,1435.66,U
sh600519,贵州茅台,10:00:39,1434.87,2100,1435.65,D
sh600519,贵州茅台,10:00:42,1435.45,300,1434.87,U
sh600519,贵州茅台,10:00:45,1435.65,900,1435.45,U
sh600519,贵州茅台,10:00:48,1435.6,200,1435.65,E
sh600519,贵州茅台,10:00:51,1435.43,400,1435.6,E
sh600519,贵州茅台,10:00:54,1434.81,500,1435.43,D
sh600519,贵州茅台,10:00:57,1434.81,1300,1434.81,D
sh600519,贵州茅台,10:01:00,1434.79,900,1434.81,D
sh600519,贵州茅台,10:01:03,1434.79,500,1434.79,U
sh600519,贵州茅台,10:01:06,1435.99,1300,1434.79,U
sh600519,贵州茅台,10:01:09,1436.0,400,1435.99,U
sh600519,贵州茅台,10:01:12,1436.0,400,1436.0,U
sh600519,贵州茅台,10:01:15,1436.33,1000,1436.0,U
sh600519,贵州茅台,10:01:18,1435.18,200,1436.33,E
sh600519,贵州茅台,10:01:21,1436.03,300,1435.18,U
sh600519,贵州茅台,10:01:27,1436.03,300,1436.0,D
sh600519,贵州茅台,10:01:30,1436.09,300,1436.03,E
sh600519,贵州茅台,10:01:33,1436.61,1400,1436.09,U
sh600519,贵州茅台,10:01:36,1436.88,500,1436.61,U
sh600519,贵州茅台,10:01:39,1437.32,5500,1436.88,U
sh600519,贵州茅台,10:01:42,1437.56,800,1437.32,E
sh600519,贵州茅台,10:01:45,1437.32,3400,1437.56,D
sh600519,贵州茅台,10:01:48,1437.6,1900,1437.32,U
sh600519,贵州茅台,10:01:51,1437.75,700,1437.6,U
sh600519,贵州茅台,10:01:54,1437.61,900,1437.75,D
sh600519,贵州茅台,10:01:57,1437.33,300,1437.61,E
sh600519,贵州茅台,10:02:00,1437.61,700,1437.33,E
sh600519,贵州茅台,10:02:03,1437.7,2500,1437.61,U
sh600519,贵州茅台,10:02:06,1437.61,4000,1437.7,E
sh600519,贵州茅台,10:02:09,1437.7,600,1437.61,D
sh600519,贵州茅台,10:02:12,1437.61,200,1437.7,D
sh600519,贵州茅台,10:02:15,1437.74,1100,1437.61,D
sh600519,贵州茅台,10:02:18,1437.69,1000,1437.74,D
sh600519,贵州茅台,10:02:24,1437.74,500,1437.69,U
sh600519,贵州茅台,10:02:27,1437.7,400,1437.74,E
sh600519,贵州茅台,10:02:30,1437.66,300,1437.7,U
sh600519,贵州茅台,10:02:33,1437.25,400,1437.66,D
sh600519,贵州茅台,10:02:36,1437.25,1400,1437.25,D
sh600519,贵州茅台,10:02:39,1437.25,400,1437.25,D
sh600519,贵州茅台,10:02:42,1437.25,400,1437.25,E
sh600519,贵州茅台,10:02:45,1437.24,500,1437.25,D
sh600519,贵州茅台,10:02:48,1437.23,200,1437.24,U
sh600519,贵州茅台,10:02:51,1437.58,1100,1437.23,U
sh600519,贵州茅台,10:02:54,1437.38,1200,1437.58,D
sh600519,贵州茅台,10:02:57,1437.74,1400,1437.38,U
sh600519,贵州茅台,10:03:00,1437.9,1500,1437.74,U
sh600519,贵州茅台,10:03:03,1438.68,9900,1437.9,U
sh600519,贵州茅台,10:03:06,1438.99,3361,1438.68,U
sh600519,贵州茅台,10:03:09,1438.7,2639,1438.99,D
sh600519,贵州茅台,10:03:12,1438.7,3161,1438.7,U
sh600519,贵州茅台,10:03:15,1438.73,500,1438.7,D
sh600519,贵州茅台,10:03:18,1439.0,600,1438.73,U
sh600519,贵州茅台,10:03:21,1437.99,6739,1439.0,D
sh600519,贵州茅台,10:03:24,1438.72,1900,1437.99,U
sh600519,贵州茅台,10:03:27,1438.0,300,1438.72,D
sh600519,贵州茅台,10:03:30,1437.99,800,1438.0,D
sh600519,贵州茅台,10:03:33,1437.91,1300,1437.99,D
sh600519,贵州茅台,10:03:36,1438.5,300,1437.91,U
sh600519,贵州茅台,10:03:39,1437.71,1300,1438.5,D
sh600519,贵州茅台,10:03:42,1437.95,600,1437.71,U
sh600519,贵州茅台,10:03:45,1437.68,800,1437.95,D
sh600519,贵州茅台,10:03:48,1437.71,500,1437.68,U
sh600519,贵州茅台,10:03:54,1437.68,700,1437.98,D
sh600519,贵州茅台,10:04:03,1437.6,1200,1437.68,D
sh600519,贵州茅台,10:04:06,1437.6,300,1437.6,U
sh600519,贵州茅台,10:04:12,1437.6,1300,1437.33,U
sh600519,贵州茅台,10:04:15,1437.59,1300,1437.6,D
sh600519,贵州茅台,10:04:18,1437.59,400,1437.59,D
sh600519,贵州茅台,10:04:21,1437.58,200,1437.59,D
sh600519,贵州茅台,10:04:24,1437.58,600,1437.58,D
sh600519,贵州茅台,10:04:30,1437.59,1200,1437.58,U
sh600519,贵州茅台,10:04:33,1437.58,500,1437.59,D
sh600519,贵州茅台,10:04:36,1437.58,500,1437.58,D
sh600519,贵州茅台,10:04:39,1437.58,300,1437.58,U
sh600519,贵州茅台,10:04:57,1437.32,1900,1437.33,D
sh600519,贵州茅台,10:05:00,1437.32,200,1437.32,U
sh600519,贵州茅台,10:05:03,1437.69,5600,1437.32,U
sh600519,贵州茅台,10:05:06,1437.99,700,1437.69,U
sh600519,贵州茅台,10:05:09,1438.19,4800,1437.99,U
sh600519,贵州茅台,10:05:12,1438.17,900,1438.19,D
sh600519,贵州茅台,10:05:18,1438.23,200,1438.18,U
sh600519,贵州茅台,10:05:21,1438.23,400,1438.23,D
sh600519,贵州茅台,10:05:24,1438.23,200,1438.23,D
sh600519,贵州茅台,10:05:27,1438.23,500,1438.23,E
sh600519,贵州茅台,10:05:30,1438.27,300,1438.23,U
sh600519,贵州茅台,10:05:33,1438.27,200,1438.27,D
sh600519,贵州茅台,10:05:36,1438.23,500,1438.27,D
sh600519,贵州茅台,10:05:39,1438.5,1000,1438.23,U
sh600519,贵州茅台,10:05:42,1438.23,600,1438.5,D
sh600519,贵州茅台,10:05:48,1438.23,700,1438.23,D
sh600519,贵州茅台,10:05:51,1438.28,1000,1438.23,E
sh600519,贵州茅台,10:05:54,1438.52,500,1438.28,U
sh600519,贵州茅台,10:05:57,1438.59,500,1438.52,U
sh600519,贵州茅台,10:06:00,1438.73,1500,1438.59,U
sh600519,贵州茅台,10:06:03,1438.55,1000,1438.73,D
sh600519,贵州茅台,10:06:06,1438.56,200,1438.55,E
sh600519,贵州茅台,10:06:09,1438.49,500,1438.56,D
sh600519,贵州茅台,10:06:12,1438.49,400,1438.49,D
sh600519,贵州茅台,10:06:15,1438.5,300,1438.49,D
sh600519,贵州茅台,10:06:18,1438.61,200,1438.5,E
sh600519,贵州茅台,10:06:21,1439.0,4700,1438.61,U
sh600519,贵州茅台,10:06:24,1439.9,11700,1439.0,U
sh600519,贵州茅台,10:06:27,1439.25,400,1439.9,D
sh600519,贵州茅台,10:06:30,1439.95,400,1439.25,U
sh600519,贵州茅台,10:06:33,1439.99,500,1439.95,U
sh600519,贵州茅台,10:06:36,1439.99,600,1439.99,U
sh600519,贵州茅台,10:06:39,1439.96,400,1439.99,E
sh600519,贵州茅台,10:06:42,1439.9,900,1439.96,E
sh600519,贵州茅台,10:06:48,1439.8,200,1439.9,U
sh600519,贵州茅台,10:06:51,1439.86,400,1439.8,E
sh600519,贵州茅台,10:06:54,1439.85,400,1439.86,E
sh600519,贵州茅台,10:06:57,1439.38,400,1439.85,D
sh600519,贵州茅台,10:07:00,1439.37,2500,1439.38,D
sh600519,贵州茅台,10:07:03,1439.9,1500,1439.37,U
sh600519,贵州茅台,10:07:06,1439.38,400,1439.9,E
sh600519,贵州茅台,10:07:09,1439.47,300,1439.38,D
sh600519,贵州茅台,10:07:12,1438.7,2000,1439.47,D
sh600519,贵州茅台,10:07:15,1438.84,900,1438.7,U
sh600519,贵州茅台,10:07:18,1438.49,900,1438.84,D
sh600519,贵州茅台,10:07:21,1438.73,500,1438.49,U
sh600519,贵州茅台,10:07:24,1438.3,600,1438.73,D
sh600519,贵州茅台,10:07:27,1438.21,500,1438.3,D
sh600519,贵州茅台,10:07:30,1438.21,400,1438.21,D
sh600519,贵州茅台,10:07:33,1438.18,400,1438.21,E
sh600519,贵州茅台,10:07:36,1438.18,900,1438.18,E
sh600519,贵州茅台,10:07:39,1438.17,400,1438.18,E
sh600519,贵州茅台,10:07:42,1438.0,200,1438.17,D
sh600519,贵州茅台,10:07:45,1437.85,600,1438.0,D
sh600519,贵州茅台,10:07:48,1437.32,500,1437.85,D
sh600519,贵州茅台,10:07:54,1437.33,700,1437.32,D
sh600519,贵州茅台,10:07:57,1437.28,200,1437.33,D
sh600519,贵州茅台,10:08:00,1437.29,1000,1437.28,D
sh600519,贵州茅台,10:08:03,1436.95,1200,1437.29,D
sh600519,贵州茅台,10:08:06,1436.8,200,1436.95,U
sh600519,贵州茅台,10:08:09,1436.43,600,1436.8,D
sh600519,贵州茅台,10:08:15,1436.01,300,1436.6,D
sh600519,贵州茅台,10:08:18,1436.11,200,1436.01,E
sh600519,贵州茅台,10:08:21,1436.0,300,1436.11,D
sh600519,贵州茅台,10:08:24,1436.11,600,1436.0,E
sh600519,贵州茅台,10:08:27,1436.0,300,1436.11,D
sh600519,贵州茅台,10:08:30,1436.12,300,1436.0,E
sh600519,贵州茅台,10:08:33,1436.12,300,1436.12,D
sh600519,贵州茅台,10:08:36,1436.02,200,1436.12,E
sh600519,贵州茅台,10:08:39,1436.16,400,1436.02,U
sh600519,贵州茅台,10:08:42,1437.0,2200,1436.16,U
sh600519,贵州茅台,10:08:45,1436.89,1900,1437.0,D
sh600519,贵州茅台,10:08:48,1436.95,300,1436.89,E
sh600519,贵州茅台,10:08:51,1436.94,200,1436.95,D
sh600519,贵州茅台,10:09:00,1437.31,700,1437.0,U
sh600519,贵州茅台,10:09:03,1436.92,300,1437.31,D
sh600519,贵州茅台,10:09:06,1436.93,200,1436.92,U
sh600519,贵州茅台,10:09:09,1436.84,400,1436.93,D
sh600519,贵州茅台,10:09:12,1436.84,300,1436.84,D
sh600519,贵州茅台,10:09:21,1436.18,400,1436.32,E
sh600519,贵州茅台,10:09:24,1436.17,500,1436.18,D
sh600519,贵州茅台,10:09:27,1436.32,300,1436.17,U
sh600519,贵州茅台,10:09:30,1436.18,200,1436.32,D
sh600519,贵州茅台,10:09:36,1436.17,500,1436.18,D
sh600519,贵州茅台,10:09:39,1436.3,200,1436.17,E
sh600519,贵州茅台,10:09:42,1436.83,300,1436.3,U
sh600519,贵州茅台,10:09:57,1436.8,300,1436.8,U
sh600519,贵州茅台,10:10:00,1436.81,200,1436.8,E
sh600519,贵州茅台,10:10:03,1436.8,600,1436.81,D
sh600519,贵州茅台,10:10:12,1436.8,400,1436.8,U
sh600519,贵州茅台,10:10:15,1436.8,1000,1436.8,D
sh600519,贵州茅台,10:10:18,1436.8,487,1436.8,D
sh600519,贵州茅台,10:10:24,1436.92,700,1436.8,U
sh600519,贵州茅台,10:10:27,1436.93,200,1436.92,U
sh600519,贵州茅台,10:10:33,1436.93,200,1436.88,D
sh600519,贵州茅台,10:10:42,1436.9,600,1436.88,U
sh600519,贵州茅台,10:10:45,1436.88,300,1436.9,D
sh600519,贵州茅台,10:10:48,1436.8,600,1436.88,D
sh600519,贵州茅台,10:10:51,1436.81,200,1436.8,E
sh600519,贵州茅台,10:10:57,1436.9,300,1436.81,U
sh600519,贵州茅台,10:11:03,1436.87,800,1436.9,D
sh600519,贵州茅台,10:11:06,1436.8,300,1436.87,D
sh600519,贵州茅台,10:11:09,1436.87,700,1436.8,E
sh600519,贵州茅台,10:11:15,1436.3,213,1436.8,D
sh600519,贵州茅台,10:11:21,1436.33,400,1436.3,D
sh600519,贵州茅台,10:11:24,1436.8,300,1436.33,U
sh600519,贵州茅台,10:11:27,1436.3,400,1436.8,D
sh600519,贵州茅台,10:11:30,1436.29,400,1436.3,E
sh600519,贵州茅台,10:11:33,1436.2,300,1436.29,D
sh600519,贵州茅台,10:11:36,1436.2,400,1436.2,D
sh600519,贵州茅台,10:11:39,1436.19,700,1436.2,D
sh600519,贵州茅台,10:11:42,1435.49,2600,1436.19,D
sh600519,贵州茅台,10:11:45,1435.22,800,1435.49,D
sh600519,贵州茅台,10:11:54,1435.21,900,1435.22,D
sh600519,贵州茅台,10:11:57,1435.17,200,1435.21,D
sh600519,贵州茅台,10:12:00,1435.0,2400,1435.17,D
sh600519,贵州茅台,10:12:03,1434.34,200,1435.0,D
sh600519,贵州茅台,10:12:06,1434.52,700,1434.34,U
sh600519,贵州茅台,10:12:09,1434.47,400,1434.52,U
sh600519,贵州茅台,10:12:12,1434.51,300,1434.47,U
sh600519,贵州茅台,10:12:18,1434.06,700,1434.51,D
sh600519,贵州茅台,10:12:24,1434.06,900,1434.47,E
sh600519,贵州茅台,10:12:33,1434.05,600,1434.34,E
sh600519,贵州茅台,10:12:36,1433.97,500,1434.05,D
sh600519,贵州茅台,10:12:39,1434.49,1300,1433.97,U
sh600519,贵州茅台,10:12:42,1433.08,500,1434.49,E
sh600519,贵州茅台,10:12:48,1433.08,300,1433.08,D
sh600519,贵州茅台,10:12:54,1433.12,300,1433.08,D
sh600519,贵州茅台,10:12:57,1433.18,900,1433.12,E
sh600519,贵州茅台,10:13:00,1433.18,400,1433.18,D
sh600519,贵州茅台,10:13:03,1433.19,200,1433.18,D
sh600519,贵州茅台,10:13:06,1433.95,400,1433.19,E
sh600519,贵州茅台,10:13:15,1433.95,200,1433.2,U
sh600519,贵州茅台,10:13:21,1433.21,200,1433.95,D
sh600519,贵州茅台,10:13:24,1433.95,600,1433.21,U
sh600519,贵州茅台,10:13:27,1433.2,800,1433.95,D
sh600519,贵州茅台,10:13:39,1433.47,400,1433.49,D
sh600519,贵州茅台,10:13:42,1433.47,600,1433.47,D
sh600519,贵州茅台,10:13:45,1433.21,200,1433.47,D
sh600519,贵州茅台,10:13:48,1433.47,200,1433.21,U
sh600519,贵州茅台,10:13:54,1433.5,1000,1433.47,U
sh600519,贵州茅台,10:13:57,1433.5,200,1433.5,D
sh600519,贵州茅台,10:14:00,1433.5,400,1433.5,D
sh600519,贵州茅台,10:14:03,1433.5,500,1433.5,D
sh600519,贵州茅台,10:14:09,1433.51,500,1433.51,D
sh600519,贵州茅台,10:14:12,1433.52,400,1433.51,U
sh600519,贵州茅台,10:14:15,1433.51,600,1433.52,D
sh600519,贵州茅台,10:14:21,1433.5,900,1433.5,D
sh600519,贵州茅台,10:14:24,1433.48,1100,1433.5,U
sh600519,贵州茅台,10:14:30,1433.48,200,1433.48,U
sh600519,贵州茅台,10:14:39,1433.48,400,1433.47,U
sh600519,贵州茅台,10:14:42,1433.47,300,1433.48,E
sh600519,贵州茅台,10:14:45,1433.23,200,1433.47,D
sh600519,贵州茅台,10:14:54,1433.0,3000,1433.48,D
sh600519,贵州茅台,10:14:57,1433.45,200,1433.0,D
sh600519,贵州茅台,10:15:00,1433.48,300,1433.45,U
sh600519,贵州茅台,10:15:03,1433.48,300,1433.48,U
sh600519,贵州茅台,10:15:06,1433.01,500,1433.48,D
sh600519,贵州茅台,10:15:09,1433.22,1700,1433.01,U
sh600519,贵州茅台,10:15:12,1432.0,1000,1433.22,D
sh600519,贵州茅台,10:15:15,1432.0,600,1432.0,D
sh600519,贵州茅台,10:15:18,1432.01,700,1432.0,E
sh600519,贵州茅台,10:15:21,1432.96,600,1432.01,E
sh600519,贵州茅台,10:15:24,1431.98,500,1432.96,D
sh600519,贵州茅台,10:15:27,1432.0,1100,1431.98,U
sh600519,贵州茅台,10:15:30,1432.01,800,1432.0,U
sh600519,贵州茅台,10:15:33,1432.1,200,1432.01,E
sh600519,贵州茅台,10:15:36,1433.0,1000,1432.1,U
sh600519,贵州茅台,10:15:39,1432.11,400,1433.0,D
sh600519,贵州茅台,10:15:45,1433.0,400,1432.11,E
sh600519,贵州茅台,10:15:48,1432.15,300,1433.0,E
sh600519,贵州茅台,10:15:54,1432.15,200,1432.15,D
sh600519,贵州茅台,10:16:00,1432.15,300,1432.15,E
sh600519,贵州茅台,10:16:03,1433.0,200,1432.15,U
sh600519,贵州茅台,10:16:06,1432.16,600,1433.0,D
sh600519,贵州茅台,10:16:15,1433.0,300,1433.0,U
sh600519,贵州茅台,10:16:18,1433.03,400,1433.0,U
sh600519,贵州茅台,10:16:21,1433.0,400,1433.03,D
sh600519,贵州茅台,10:16:27,1433.0,200,1433.0,D
sh600519,贵州茅台,10:16:30,1433.03,300,1433.0,U
sh600519,贵州茅台,10:16:33,1433.03,200,1433.03,D
sh600519,贵州茅台,10:16:36,1433.01,300,1433.03,E
sh600519,贵州茅台,10:16:39,1433.44,200,1433.01,U
sh600519,贵州茅台,10:16:42,1433.4,400,1433.44,D
sh600519,贵州茅台,10:16:45,1433.0,600,1433.4,D
sh600519,贵州茅台,10:16:48,1433.41,500,1433.0,E
sh600519,贵州茅台,10:16:57,1433.01,500,1433.0,D
sh600519,贵州茅台,10:17:00,1432.98,3100,1433.01,D
sh600519,贵州茅台,10:17:03,1432.18,1600,1432.98,D
sh600519,贵州茅台,10:17:09,1432.14,500,1432.18,D
sh600519,贵州茅台,10:17:12,1432.0,300,1432.14,D
sh600519,贵州茅台,10:17:15,1432.0,2100,1432.0,D
sh600519,贵州茅台,10:17:18,1432.0,2400,1432.0,D
sh600519,贵州茅台,10:17:21,1432.01,300,1432.0,E
sh600519,贵州茅台,10:17:24,1432.98,400,1432.01,U
sh600519,贵州茅台,10:17:27,1432.14,700,1432.98,D
sh600519,贵州茅台,10:17:30,1433.0,400,1432.14,U
sh600519,贵州茅台,10:17:33,1432.16,300,1433.0,E
sh600519,贵州茅台,10:17:36,1432.02,300,1432.16,D
sh600519,贵州茅台,10:17:39,1432.01,600,1432.02,D
sh600519,贵州茅台,10:17:42,1432.02,200,1432.01,E
sh600519,贵州茅台,10:17:45,1432.02,300,1432.02,E
sh600519,贵州茅台,10:17:51,1432.01,200,1432.14,D
sh600519,贵州茅台,10:17:54,1432.04,300,1432.01,E
sh600519,贵州茅台,10:17:57,1432.06,400,1432.04,E
sh600519,贵州茅台,10:18:00,1432.07,500,1432.06,E
sh600519,贵州茅台,10:18:03,1432.06,400,1432.07,D
sh600519,贵州茅台,10:18:06,1432.94,1900,1432.06,U
sh600519,贵州茅台,10:18:09,1432.06,700,1432.94,D
sh600519,贵州茅台,10:18:12,1433.0,300,1432.06,U
sh600519,贵州茅台,10:18:15,1432.03,600,1433.0,D
sh600519,贵州茅台,10:18:18,1431.9,1600,1432.03,D
sh600519,贵州茅台,10:18:21,1431.55,1100,1431.9,D
sh600519,贵州茅台,10:18:24,1431.47,1000,1431.55,D
sh600519,贵州茅台,10:18:27,1431.8,700,1431.47,U
sh600519,贵州茅台,10:18:30,1431.8,800,1431.8,U
sh600519,贵州茅台,10:18:33,1431.81,500,1431.8,U
sh600519,贵州茅台,10:18:36,1432.0,600,1431.81,U
sh600519,贵州茅台,10:18:39,1431.08,400,1432.0,D
sh600519,贵州茅台,10:18:42,1431.13,1300,1431.08,E
sh600519,贵州茅台,10:18:45,1432.78,300,1431.13,U
sh600519,贵州茅台,10:18:48,1431.17,200,1432.78,E
sh600519,贵州茅台,10:18:51,1432.86,300,1431.17,E
sh600519,贵州茅台,10:18:54,1431.21,500,1432.86,D
sh600519,贵州茅台,10:18:57,1431.21,200,1431.21,E
sh600519,贵州茅台,10:19:00,1431.23,900,1431.21,D
sh600519,贵州茅台,10:19:06,1431.23,400,1431.26,D
sh600519,贵州茅台,10:19:09,1431.19,1000,1431.23,D
sh600519,贵州茅台,10:19:12,1431.19,1000,1431.19,E
sh600519,贵州茅台,10:19:18,1431.25,700,1431.15,D
sh600519,贵州茅台,10:19:24,1432.77,1100,1431.32,U
sh600519,贵州茅台,10:19:27,1432.73,500,1432.77,D
sh600519,贵州茅台,10:19:30,1432.74,800,1432.73,U
sh600519,贵州茅台,10:19:33,1431.33,500,1432.74,D
sh600519,贵州茅台,10:19:36,1431.34,1200,1431.33,D
sh600519,贵州茅台,10:19:39,1432.84,400,1431.34,E
sh600519,贵州茅台,10:19:42,1432.82,700,1432.84,E
sh600519,贵州茅台,10:19:45,1432.83,300,1432.82,U
sh600519,贵州茅台,10:19:54,1431.51,200,1432.82,E
sh600519,贵州茅台,10:20:00,1432.79,200,1431.51,U
sh600519,贵州茅台,10:20:06,1432.0,200,1432.79,D
sh600519,贵州茅台,10:20:09,1432.0,200,1432.0,E
sh600519,贵州茅台,10:20:12,1432.03,500,1432.0,U
sh600519,贵州茅台,10:20:15,1432.84,200,1432.03,U
sh600519,贵州茅台,10:20:24,1432.99,200,1432.04,U
sh600519,贵州茅台,10:20:27,1432.06,300,1432.99,E
sh600519,贵州茅台,10:20:30,1432.99,400,1432.06,U
sh600519,贵州茅台,10:20:33,1432.96,300,1432.99,D
sh600519,贵州茅台,10:20:42,1433.0,700,1432.96,U
sh600519,贵州茅台,10:20:45,1432.99,200,1433.0,E
sh600519,贵州茅台,10:20:48,1432.98,400,1432.99,U
sh600519,贵州茅台,10:20:54,1432.97,800,1433.0,D
sh600519,贵州茅台,10:20:57,1432.1,300,1432.97,E
sh600519,贵州茅台,10:21:03,1433.0,200,1433.0,U
sh600519,贵州茅台,10:21:06,1432.94,700,1433.0,D
sh600519,贵州茅台,10:21:09,1433.01,400,1432.94,U
sh600519,贵州茅台,10:21:12,1433.0,300,1433.01,E
sh600519,贵州茅台,10:21:18,1433.02,600,1433.0,U
sh600519,贵州茅台,10:21:21,1433.06,200,1433.02,U
sh600519,贵州茅台,10:21:24,1433.17,1121,1433.06,U
sh600519,贵州茅台,10:21:27,1433.0,300,1433.17,D
sh600519,贵州茅台,10:21:36,1433.48,500,1433.07,U
sh600519,贵州茅台,10:21:42,1433.51,200,1433.5,U
sh600519,贵州茅台,10:21:51,1433.51,500,1433.51,U
sh600519,贵州茅台,10:21:54,1433.8,300,1433.51,U
sh600519,贵州茅台,10:22:03,1433.51,500,1433.51,D
sh600519,贵州茅台,10:22:06,1433.95,800,1433.51,U
sh600519,贵州茅台,10:22:09,1433.51,500,1433.95,D
sh600519,贵州茅台,10:22:12,1433.51,700,1433.51,D
sh600519,贵州茅台,10:22:15,1433.51,1800,1433.51,D
sh600519,贵州茅台,10:22:18,1434.76,700,1433.51,U
sh600519,贵州茅台,10:22:21,1433.51,400,1434.76,E
sh600519,贵州茅台,10:22:24,1433.52,200,1433.51,U
sh600519,贵州茅台,10:22:27,1433.62,600,1433.52,U
sh600519,贵州茅台,10:22:30,1434.74,600,1433.62,U
sh600519,贵州茅台,10:22:33,1434.75,200,1434.74,E
sh600519,贵州茅台,10:22:36,1434.76,600,1434.75,U
sh600519,贵州茅台,10:22:45,1434.4,200,1433.56,E
sh600519,贵州茅台,10:22:51,1434.43,600,1434.4,U
sh600519,贵州茅台,10:22:54,1434.44,800,1434.43,E
sh600519,贵州茅台,10:22:57,1434.73,1300,1434.44,E
sh600519,贵州茅台,10:23:00,1434.76,1100,1434.73,U
sh600519,贵州茅台,10:23:03,1434.78,800,1434.76,E
sh600519,贵州茅台,10:23:06,1435.0,600,1434.78,U
sh600519,贵州茅台,10:23:09,1433.59,1100,1435.0,D
sh600519,贵州茅台,10:23:12,1435.0,200,1433.59,U
sh600519,贵州茅台,10:23:15,1434.77,600,1435.0,D
sh600519,贵州茅台,10:23:18,1435.0,600,1434.77,E
sh600519,贵州茅台,10:23:24,1433.64,500,1435.0,E
sh600519,贵州茅台,10:23:27,1435.13,300,1433.64,U
sh600519,贵州茅台,10:23:30,1435.0,1600,1435.13,D
sh600519,贵州茅台,10:23:33,1435.56,900,1435.0,U
sh600519,贵州茅台,10:23:36,1434.47,1300,1435.56,D
sh600519,贵州茅台,10:23:42,1435.01,900,1435.01,U
sh600519,贵州茅台,10:23:45,1435.0,1000,1435.01,E
sh600519,贵州茅台,10:23:48,1435.6,600,1435.0,U
sh600519,贵州茅台,10:23:51,1435.68,1400,1435.6,U
sh600519,贵州茅台,10:23:54,1435.76,900,1435.68,U
sh600519,贵州茅台,10:23:57,1435.76,400,1435.76,U
sh600519,贵州茅台,10:24:00,1435.69,900,1435.76,D
sh600519,贵州茅台,10:24:03,1435.0,500,1435.69,D
sh600519,贵州茅台,10:24:06,1436.3,900,1435.0,U
sh600519,贵州茅台,10:24:09,1435.89,1700,1436.3,E
sh600519,贵州茅台,10:24:12,1435.86,200,1435.89,E
sh600519,贵州茅台,10:24:15,1435.9,700,1435.86,U
sh600519,贵州茅台,10:24:18,1436.3,300,1435.9,U
sh600519,贵州茅台,10:24:21,1435.9,200,1436.3,D
sh600519,贵州茅台,10:24:24,1436.22,1400,1435.9,D
sh600519,贵州茅台,10:24:27,1436.29,300,1436.22,U
sh600519,贵州茅台,10:24:36,1436.29,200,1436.29,U
sh600519,贵州茅台,10:24:42,1436.19,300,1436.29,D
sh600519,贵州茅台,10:24:45,1436.29,600,1436.19,U
sh600519,贵州茅台,10:24:48,1436.19,1000,1436.29,E
sh600519,贵州茅台,10:24:51,1436.16,500,1436.19,D
sh600519,贵州茅台,10:24:54,1436.3,2000,1436.16,U
sh600519,贵州茅台,10:24:57,1436.32,800,1436.3,U
sh600519,贵州茅台,10:25:03,1436.86,200,1436.86,U
sh600519,贵州茅台,10:25:06,1436.88,1300,1436.86,U
sh600519,贵州茅台,10:25:09,1437.0,600,1436.88,U
sh600519,贵州茅台,10:25:12,1437.0,3200,1437.0,U
sh600519,贵州茅台,10:25:15,1437.64,500,1437.0,U
sh600519,贵州茅台,10:25:18,1438.0,500,1437.64,U
sh600519,贵州茅台,10:25:21,1438.0,700,1438.0,U
sh600519,贵州茅台,10:25:24,1438.0,600,1438.0,U
sh600519,贵州茅台,10:25:27,1437.99,300,1438.0,E
sh600519,贵州茅台,10:25:30,1438.0,2400,1437.99,U
sh600519,贵州茅台,10:25:33,1438.0,600,1438.0,U
sh600519,贵州茅台,10:25:39,1438.01,200,1438.0,D
sh600519,贵州茅台,10:25:42,1438.0,600,1438.01,D
sh600519,贵州茅台,10:25:45,1437.97,1500,1438.0,D
sh600519,贵州茅台,10:25:48,1437.01,800,1437.97,D
sh600519,贵州茅台,10:25:51,1437.97,400,1437.01,U
sh600519,贵州茅台,10:25:54,1437.01,300,1437.97,D
sh600519,贵州茅台,10:25:57,1437.95,600,1437.01,U
sh600519,贵州茅台,10:26:00,1437.95,1500,1437.95,U
sh600519,贵州茅台,10:26:03,1437.97,800,1437.95,U
sh600519,贵州茅台,10:26:09,1437.9,400,1437.9,D
sh600519,贵州茅台,10:26:12,1437.95,1700,1437.9,U
sh600519,贵州茅台,10:26:15,1437.9,700,1437.95,D
sh600519,贵州茅台,10:26:18,1437.8,1600,1437.9,D
sh600519,贵州茅台,10:26:21,1437.8,1200,1437.8,E
sh600519,贵州茅台,10:26:24,1436.86,400,1437.8,D
sh600519,贵州茅台,10:26:30,1436.86,300,1436.86,D
sh600519,贵州茅台,10:26:36,1436.31,200,1436.31,D
sh600519,贵州茅台,10:26:39,1436.33,200,1436.31,E
sh600519,贵州茅台,10:26:42,1436.32,300,1436.33,D
sh600519,贵州茅台,10:26:48,1436.86,200,1436.32,U
sh600519,贵州茅台,10:26:54,1436.33,200,1436.85,D
sh600519,贵州茅台,10:27:00,1436.33,900,1436.32,U
sh600519,贵州茅台,10:27:03,1436.8,500,1436.33,U
sh600519,贵州茅台,10:27:06,1436.34,200,1436.8,U
sh600519,贵州茅台,10:27:09,1436.34,600,1436.34,D
sh600519,贵州茅台,10:27:15,1436.33,400,1436.36,D
sh600519,贵州茅台,10:27:18,1436.36,1400,1436.33,U
sh600519,贵州茅台,10:27:21,1436.31,300,1436.36,D
sh600519,贵州茅台,10:27:24,1436.32,800,1436.31,U
sh600519,贵州茅台,10:27:27,1436.32,600,1436.32,D
sh600519,贵州茅台,10:27:30,1436.85,900,1436.32,U
sh600519,贵州茅台,10:27:33,1437.13,1100,1436.85,D
sh600519,贵州茅台,10:27:42,1437.69,1000,1437.34,U
sh600519,贵州茅台,10:27:45,1437.86,1600,1437.69,U
sh600519,贵州茅台,10:27:48,1437.88,300,1437.86,U
sh600519,贵州茅台,10:27:51,1437.93,1000,1437.88,U
sh600519,贵州茅台,10:27:54,1437.91,700,1437.93,D
sh600519,贵州茅台,10:27:57,1437.91,400,1437.91,D
sh600519,贵州茅台,10:28:00,1437.99,1300,1437.91,U
sh600519,贵州茅台,10:28:03,1437.99,500,1437.99,U
sh600519,贵州茅台,10:28:06,1437.99,200,1437.99,D
sh600519,贵州茅台,10:28:12,1437.88,300,1437.99,D
sh600519,贵州茅台,10:28:18,1437.96,1500,1437.96,E
sh600519,贵州茅台,10:28:21,1437.88,600,1437.96,D
sh600519,贵州茅台,10:28:24,1437.89,400,1437.88,U
sh600519,贵州茅台,10:28:30,1437.64,300,1437.66,D
sh600519,贵州茅台,10:28:36,1437.66,500,1437.65,U
sh600519,贵州茅台,10:28:42,1437.63,700,1437.1,E
sh600519,贵州茅台,10:28:45,1437.63,400,1437.63,U
sh600519,贵州茅台,10:28:48,1437.64,200,1437.63,U
sh600519,贵州茅台,10:28:51,1437.3,400,1437.64,D
sh600519,贵州茅台,10:28:57,1437.3,400,1437.6,D
sh600519,贵州茅台,10:29:00,1437.6,300,1437.3,U
sh600519,贵州茅台,10:29:06,1437.5,600,1437.6,D
sh600519,贵州茅台,10:29:09,1437.6,200,1437.5,U
sh600519,贵州茅台,10:29:12,1437.3,200,1437.6,D
sh600519,贵州茅台,10:29:15,1437.3,700,1437.3,D
sh600519,贵州茅台,10:29:18,1437.3,300,1437.3,D
sh600519,贵州茅台,10:29:21,1437.31,300,1437.3,E
sh600519,贵州茅台,10:29:24,1437.67,1400,1437.31,U
sh600519,贵州茅台,10:29:27,1437.66,200,1437.67,D
sh600519,贵州茅台,10:29:39,1437.51,300,1437.32,U
sh600519,贵州茅台,10:29:42,1437.51,200,1437.51,D
sh600519,贵州茅台,10:29:45,1437.51,200,1437.51,D
sh600519,贵州茅台,10:29:51,1437.51,400,1437.32,D
sh600519,贵州茅台,10:29:54,1437.51,600,1437.51,D
sh600519,贵州茅台,10:29:57,1437.5,700,1437.51,E
sh600519,贵州茅台,10:30:03,1437.6,500,1437.5,U
sh600519,贵州茅台,10:30:09,1437.57,200,1437.5,D
sh600519,贵州茅台,10:30:12,1437.51,200,1437.57,D
sh600519,贵州茅台,10:30:21,1437.51,200,1437.51,D
sh600519,贵州茅台,10:30:24,1437.5,600,1437.51,D
sh600519,贵州茅台,10:30:30,1437.32,300,1437.5,D
sh600519,贵州茅台,10:30:33,1437.32,500,1437.32,U
sh600519,贵州茅台,10:30:36,1437.32,300,1437.32,E
sh600519,贵州茅台,10:30:39,1437.31,300,1437.32,D
sh600519,贵州茅台,10:30:45,1437.25,300,1437.31,D
sh600519,贵州茅台,10:30:48,1437.23,300,1437.25,U
sh600519,贵州茅台,10:30:57,1437.23,200,1437.09,U
sh600519,贵州茅台,10:31:00,1437.16,800,1437.23,U
sh600519,贵州茅台,10:31:03,1437.0,700,1437.16,D
sh600519,贵州茅台,10:31:06,1436.99,200,1437.0,U
sh600519,贵州茅台,10:31:09,1436.37,300,1436.99,E
sh600519,贵州茅台,10:31:21,1436.37,200,1436.37,D
sh600519,贵州茅台,10:31:27,1436.51,300,1436.37,E
sh600519,贵州茅台,10:31:30,1436.4,300,1436.51,D
sh600519,贵州茅台,10:31:33,1436.23,200,1436.4,D
sh600519,贵州茅台,10:31:36,1436.23,300,1436.23,D
sh600519,贵州茅台,10:31:42,1436.0,300,1436.0,D
sh600519,贵州茅台,10:31:45,1436.0,700,1436.0,D
sh600519,贵州茅台,10:31:48,1436.0,600,1436.0,D
sh600519,贵州茅台,10:31:54,1435.9,200,1436.0,D
sh600519,贵州茅台,10:31:57,1436.0,200,1435.9,U
sh600519,贵州茅台,10:32:00,1435.9,400,1436.0,D
sh600519,贵州茅台,10:32:03,1435.89,800,1435.9,D
sh600519,贵州茅台,10:32:09,1435.9,200,1435.03,U
sh600519,贵州茅台,10:32:18,1435.33,400,1435.35,D
sh600519,贵州茅台,10:32:24,1435.34,400,1435.05,U
sh600519,贵州茅台,10:32:30,1435.01,400,1435.34,D
sh600519,贵州茅台,10:32:39,1435.01,800,1435.01,E
sh600519,贵州茅台,10:32:42,1435.0,200,1435.01,D
sh600519,贵州茅台,10:32:45,1435.0,500,1435.0,D
sh600519,贵州茅台,10:32:48,1435.0,200,1435.0,D
sh600519,贵州茅台,10:32:51,1435.0,1400,1435.0,D
sh600519,贵州茅台,10:32:54,1435.0,200,1435.0,U
sh600519,贵州茅台,10:32:57,1434.45,200,1435.0,E
sh600519,贵州茅台,10:33:03,1434.46,200,1434.45,E
sh600519,贵州茅台,10:33:06,1434.45,200,1434.46,D
sh600519,贵州茅台,10:33:15,1434.34,300,1434.57,D
sh600519,贵州茅台,10:33:18,1434.32,300,1434.34,D
sh600519,贵州茅台,10:33:24,1434.32,200,1434.34,D
sh600519,贵州茅台,10:33:27,1434.56,300,1434.32,U
sh600519,贵州茅台,10:33:30,1434.32,200,1434.56,D
sh600519,贵州茅台,10:33:33,1434.21,200,1434.32,D
sh600519,贵州茅台,10:33:36,1434.17,300,1434.21,D
sh600519,贵州茅台,10:33:39,1434.0,300,1434.17,D
sh600519,贵州茅台,10:33:45,1434.2,300,1434.0,E
sh600519,贵州茅台,10:33:51,1434.01,300,1434.2,E
sh600519,贵州茅台,10:33:54,1434.01,300,1434.01,D
sh600519,贵州茅台,10:33:57,1434.0,900,1434.01,D
sh600519,贵州茅台,10:34:00,1434.56,1900,1434.0,U
sh600519,贵州茅台,10:34:03,1433.71,200,1434.56,D
sh600519,贵州茅台,10:34:06,1434.01,400,1433.71,E
sh600519,贵州茅台,10:34:09,1433.88,200,1434.01,D
sh600519,贵州茅台,10:34:30,1433.7,500,1433.88,D
sh600519,贵州茅台,10:34:36,1433.58,400,1433.58,U
sh600519,贵州茅台,10:34:39,1433.49,300,1433.58,D
sh600519,贵州茅台,10:34:42,1433.42,200,1433.49,D
sh600519,贵州茅台,10:34:45,1433.58,700,1433.42,U
sh600519,贵州茅台,10:34:57,1433.58,700,1433.71,D
sh600519,贵州茅台,10:35:15,1433.1,300,1433.33,D
sh600519,贵州茅台,10:35:18,1433.52,300,1433.1,U
sh600519,贵州茅台,10:35:21,1433.1,400,1433.52,E
sh600519,贵州茅台,10:35:24,1433.52,400,1433.1,U
sh600519,贵州茅台,10:35:27,1433.52,200,1433.52,U
sh600519,贵州茅台,10:35:30,1433.3,400,1433.52,D
sh600519,贵州茅台,10:35:39,1433.52,500,1433.52,U
sh600519,贵州茅台,10:35:42,1433.49,1200,1433.52,D
sh600519,贵州茅台,10:35:51,1433.2,300,1433.16,D
sh600519,贵州茅台,10:36:03,1433.72,1100,1433.3,U
sh600519,贵州茅台,10:36:06,1433.74,700,1433.72,E
sh600519,贵州茅台,10:36:09,1434.56,300,1433.74,E
sh600519,贵州茅台,10:36:15,1433.59,200,1434.56,D
sh600519,贵州茅台,10:36:18,1433.72,500,1433.59,U
sh600519,贵州茅台,10:36:30,1433.96,400,1433.82,U
sh600519,贵州茅台,10:36:39,1434.56,700,1433.61,U
sh600519,贵州茅台,10:36:42,1434.56,200,1434.56,E
sh600519,贵州茅台,10:36:48,1433.55,500,1434.56,D
sh600519,贵州茅台,10:36:51,1434.56,400,1433.55,U
sh600519,贵州茅台,10:36:57,1433.97,300,1434.56,D
sh600519,贵州茅台,10:37:00,1434.0,500,1433.97,U
sh600519,贵州茅台,10:37:06,1434.0,300,1434.0,U
sh600519,贵州茅台,10:37:09,1433.96,200,1434.0,D
sh600519,贵州茅台,10:37:15,1433.96,200,1433.56,U
sh600519,贵州茅台,10:37:27,1433.65,200,1433.96,D
sh600519,贵州茅台,10:37:30,1433.65,200,1433.65,D
sh600519,贵州茅台,10:37:36,1433.96,200,1433.96,U
sh600519,贵州茅台,10:37:48,1433.59,200,1433.57,E
sh600519,贵州茅台,10:37:57,1433.94,200,1433.96,E
sh600519,贵州茅台,10:38:00,1433.96,200,1433.94,U
sh600519,贵州茅台,10:38:09,1433.95,200,1433.96,U
sh600519,贵州茅台,10:38:24,1433.96,200,1433.66,U
sh600519,贵州茅台,10:38:36,1433.96,1100,1433.96,U
sh600519,贵州茅台,10:38:39,1434.54,600,1433.96,U
sh600519,贵州茅台,10:38:45,1434.56,400,1434.54,U
sh600519,贵州茅台,10:38:51,1434.68,200,1434.56,E
sh600519,贵州茅台,10:38:54,1433.96,200,1434.68,D
sh600519,贵州茅台,10:39:00,1434.56,300,1434.69,E
sh600519,贵州茅台,10:39:06,1433.96,300,1433.97,D
sh600519,贵州茅台,10:39:09,1434.56,500,1433.96,U
sh600519,贵州茅台,10:39:12,1433.69,200,1434.56,D
sh600519,贵州茅台,10:39:15,1433.69,300,1433.69,D
sh600519,贵州茅台,10:39:18,1433.96,300,1433.69,E
sh600519,贵州茅台,10:39:21,1433.68,1000,1433.96,D
sh600519,贵州茅台,10:39:27,1434.4,200,1434.47,E
sh600519,贵州茅台,10:39:30,1434.48,200,1434.4,U
sh600519,贵州茅台,10:39:42,1434.54,200,1434.48,U
sh600519,贵州茅台,10:39:45,1434.54,700,1434.54,E
sh600519,贵州茅台,10:39:48,1433.67,400,1434.54,D
sh600519,贵州茅台,10:39:51,1434.7,400,1433.67,U
sh600519,贵州茅台,10:39:54,1433.67,200,1434.7,D
sh600519,贵州茅台,10:39:57,1433.58,500,1433.67,D
sh600519,贵州茅台,10:40:00,1433.4,1400,1433.58,D
sh600519,贵州茅台,10:40:03,1433.56,800,1433.4,U
sh600519,贵州茅台,10:40:06,1433.29,700,1433.56,D
sh600519,贵州茅台,10:40:09,1433.57,600,1433.29,U
sh600519,贵州茅台,10:40:12,1433.3,500,1433.57,D
sh600519,贵州茅台,10:40:21,1433.57,200,1433.57,U
sh600519,贵州茅台,10:40:24,1433.12,2500,1433.57,E
sh600519,贵州茅台,10:40:27,1433.57,800,1433.12,U
sh600519,贵州茅台,10:40:30,1433.14,200,1433.57,E
sh600519,贵州茅台,10:40:33,1433.13,500,1433.14,D
sh600519,贵州茅台,10:40:39,1433.11,200,1433.57,D
sh600519,贵州茅台,10:40:42,1433.14,500,1433.11,E
sh600519,贵州茅台,10:40:45,1433.12,300,1433.14,D
sh600519,贵州茅台,10:40:48,1433.45,1500,1433.12,E
sh600519,贵州茅台,10:40:54,1433.13,400,1433.13,U
sh600519,贵州茅台,10:40:57,1433.16,300,1433.13,U
sh600519,贵州茅台,10:41:03,1433.13,400,1433.16,U
sh600519,贵州茅台,10:41:06,1433.13,200,1433.13,E
sh600519,贵州茅台,10:41:15,1433.04,300,1433.13,D
sh600519,贵州茅台,10:41:18,1433.04,200,1433.04,D
sh600519,贵州茅台,10:41:21,1433.04,300,1433.04,D
sh600519,贵州茅台,10:41:27,1433.03,200,1433.04,D
sh600519,贵州茅台,10:41:30,1433.08,200,1433.03,U
sh600519,贵州茅台,10:41:39,1433.08,300,1433.02,U
sh600519,贵州茅台,10:41:54,1433.0,200,1433.01,D
sh600519,贵州茅台,10:41:57,1433.01,200,1433.0,E
sh600519,贵州茅台,10:42:03,1433.0,200,1433.01,D
sh600519,贵州茅台,10:42:06,1433.13,300,1433.0,U
sh600519,贵州茅台,10:42:15,1433.53,1300,1433.13,U
sh600519,贵州茅台,10:42:18,1433.57,700,1433.53,U
sh600519,贵州茅台,10:42:21,1433.57,300,1433.57,U
sh600519,贵州茅台,10:42:24,1433.57,400,1433.57,U
sh600519,贵州茅台,10:42:39,1433.57,400,1433.11,U
sh600519,贵州茅台,10:42:42,1433.59,2300,1433.57,U
sh600519,贵州茅台,10:42:45,1434.7,300,1433.59,U
sh600519,贵州茅台,10:42:48,1434.7,200,1434.7,U
sh600519,贵州茅台,10:42:57,1433.61,300,1434.7,D
sh600519,贵州茅台,10:43:12,1433.62,200,1433.62,D
sh600519,贵州茅台,10:43:21,1433.63,300,1433.62,D
sh600519,贵州茅台,10:43:27,1434.57,400,1433.63,U
sh600519,贵州茅台,10:43:48,1434.0,200,1433.63,D
sh600519,贵州茅台,10:43:54,1433.63,600,1434.58,D
sh600519,贵州茅台,10:43:57,1433.62,900,1433.63,D
sh600519,贵州茅台,10:44:00,1434.54,200,1433.62,U
sh600519,贵州茅台,10:44:12,1433.63,400,1434.0,D
sh600519,贵州茅台,10:44:15,1434.0,300,1433.63,U
sh600519,贵州茅台,10:44:18,1434.0,721,1434.0,E
sh600519,贵州茅台,10:44:21,1435.0,800,1434.0,U
sh600519,贵州茅台,10:44:24,1435.85,700,1435.0,U
sh600519,贵州茅台,10:44:27,1435.85,800,1435.85,U
sh600519,贵州茅台,10:44:30,1435.1,200,1435.85,D
sh600519,贵州茅台,10:44:36,1435.81,300,1435.09,U
sh600519,贵州茅台,10:44:51,1435.85,200,1435.09,U
sh600519,贵州茅台,10:45:03,1435.8,600,1435.82,D
sh600519,贵州茅台,10:45:06,1435.8,600,1435.8,D
sh600519,贵州茅台,10:45:09,1435.8,200,1435.8,E
sh600519,贵州茅台,10:45:15,1435.8,600,1435.83,D
sh600519,贵州茅台,10:45:18,1435.8,800,1435.8,D
sh600519,贵州茅台,10:45:21,1435.85,1700,1435.8,U
sh600519,贵州茅台,10:45:24,1435.9,200,1435.85,U
sh600519,贵州茅台,10:45:27,1435.85,200,1435.9,D
sh600519,贵州茅台,10:45:36,1435.85,400,1435.85,D
sh600519,贵州茅台,10:45:39,1435.91,200,1435.85,U
sh600519,贵州茅台,10:45:45,1435.92,300,1435.92,U
sh600519,贵州茅台,10:46:03,1435.91,200,1435.89,U
sh600519,贵州茅台,10:46:09,1435.86,200,1435.91,D
sh600519,贵州茅台,10:46:33,1435.1,300,1435.67,D
sh600519,贵州茅台,10:46:42,1435.6,300,1435.1,U
sh600519,贵州茅台,10:46:54,1435.82,400,1435.6,U
sh600519,贵州茅台,10:47:00,1435.85,200,1435.82,U
sh600519,贵州茅台,10:47:03,1435.85,200,1435.85,D
sh600519,贵州茅台,10:47:09,1435.86,300,1435.85,U
sh600519,贵州茅台,10:47:18,1435.86,300,1435.86,D
sh600519,贵州茅台,10:47:21,1435.97,300,1435.86,U
sh600519,贵州茅台,10:47:24,1435.86,300,1435.97,D
sh600519,贵州茅台,10:47:33,1435.85,400,1435.86,D
sh600519,贵州茅台,10:47:42,1435.86,200,1435.85,D
sh600519,贵州茅台,10:47:51,1435.85,200,1435.96,D
sh600519,贵州茅台,10:47:54,1435.86,400,1435.85,U
sh600519,贵州茅台,10:47:57,1435.86,300,1435.86,D
sh600519,贵州茅台,10:48:00,1435.86,300,1435.86,D
sh600519,贵州茅台,10:48:03,1435.96,200,1435.86,U
sh600519,贵州茅台,10:48:06,1435.96,700,1435.96,E
sh600519,贵州茅台,10:48:09,1436.37,1700,1435.96,U
sh600519,贵州茅台,10:48:15,1436.23,900,1436.37,D
sh600519,贵州茅台,10:48:18,1436.01,300,1436.23,E
sh600519,贵州茅台,10:48:24,1436.0,300,1436.01,D
sh600519,贵州茅台,10:48:33,1436.17,200,1436.2,U
sh600519,贵州茅台,10:48:39,1436.0,200,1436.0,D
sh600519,贵州茅台,10:48:42,1436.2,200,1436.0,U
sh600519,贵州茅台,10:48:54,1436.23,300,1436.23,U
sh600519,贵州茅台,10:49:03,1436.23,300,1436.23,U
sh600519,贵州茅台,10:49:27,1436.39,400,1436.23,U
sh600519,贵州茅台,10:49:30,1436.38,200,1436.39,U
sh600519,贵州茅台,10:49:36,1436.38,200,1436.38,D
sh600519,贵州茅台,10:49:42,1436.23,300,1436.4,D
sh600519,贵州茅台,10:49:45,1436.38,700,1436.23,E
sh600519,贵州茅台,10:49:48,1436.4,500,1436.38,E
sh600519,贵州茅台,10:50:06,1436.39,400,1436.4,E
sh600519,贵州茅台,10:50:12,1436.5,400,1436.49,U
sh600519,贵州茅台,10:50:15,1436.2,600,1436.5,D
sh600519,贵州茅台,10:50:18,1436.19,300,1436.2,D
sh600519,贵州茅台,10:50:21,1436.19,200,1436.19,D
sh600519,贵州茅台,10:50:24,1436.18,200,1436.19,D
sh600519,贵州茅台,10:50:30,1436.19,400,1436.18,U
sh600519,贵州茅台,10:50:42,1436.07,400,1436.17,D
sh600519,贵州茅台,10:50:48,1436.06,200,1436.07,D
sh600519,贵州茅台,10:50:54,1436.07,200,1436.06,U
sh600519,贵州茅台,10:50:57,1436.07,700,1436.07,U
sh600519,贵州茅台,10:51:03,1436.0,300,1436.07,D
sh600519,贵州茅台,10:51:09,1435.98,300,1436.0,D
sh600519,贵州茅台,10:51:18,1435.85,400,1435.97,D
sh600519,贵州茅台,10:51:30,1435.61,600,1435.85,E
sh600519,贵州茅台,10:51:33,1435.53,500,1435.61,D
sh600519,贵州茅台,10:51:39,1435.83,200,1435.5,E
sh600519,贵州茅台,10:51:54,1435.0,600,1435.83,D
sh600519,贵州茅台,10:51:57,1435.05,300,1435.0,D
sh600519,贵州茅台,10:52:06,1434.97,400,1435.05,D
sh600519,贵州茅台,10:52:12,1434.98,300,1434.97,D
sh600519,贵州茅台,10:52:15,1435.04,300,1434.98,U
sh600519,贵州茅台,10:52:30,1435.02,200,1435.04,U
sh600519,贵州茅台,10:52:45,1434.37,300,1435.0,E
sh600519,贵州茅台,10:52:48,1435.02,500,1434.37,U
sh600519,贵州茅台,10:52:51,1435.02,200,1435.02,U
sh600519,贵州茅台,10:53:03,1434.48,600,1434.48,E
sh600519,贵州茅台,10:53:15,1435.03,400,1434.48,U
sh600519,贵州茅台,10:53:24,1434.62,700,1435.04,E
sh600519,贵州茅台,10:53:30,1435.78,200,1434.62,U
sh600519,贵州茅台,10:53:39,1434.86,800,1435.79,D
sh600519,贵州茅台,10:53:48,1435.05,200,1435.8,D
sh600519,贵州茅台,10:53:51,1435.0,300,1435.05,U
sh600519,贵州茅台,10:53:54,1435.02,600,1435.0,U
sh600519,贵州茅台,10:53:57,1435.8,200,1435.02,U
sh600519,贵州茅台,10:54:15,1435.2,200,1435.29,D
sh600519,贵州茅台,10:54:21,1435.65,200,1435.27,E
sh600519,贵州茅台,10:54:27,1435.28,200,1435.65,D
sh600519,贵州茅台,10:54:45,1435.28,300,1435.29,D
sh600519,贵州茅台,10:54:48,1435.29,300,1435.28,E
sh600519,贵州茅台,10:54:51,1435.29,200,1435.29,U
sh600519,贵州茅台,10:55:00,1435.2,516,1435.29,D
sh600519,贵州茅台,10:55:03,1435.29,300,1435.2,U
sh600519,贵州茅台,10:55:06,1435.32,300,1435.29,U
sh600519,贵州茅台,10:55:33,1435.53,500,1435.33,D
sh600519,贵州茅台,10:55:36,1435.53,600,1435.53,D
sh600519,贵州茅台,10:55:39,1435.6,200,1435.53,U
sh600519,贵州茅台,10:55:42,1435.61,379,1435.6,U
sh600519,贵州茅台,10:55:45,1435.68,300,1435.61,U
sh600519,贵州茅台,10:55:48,1435.6,300,1435.68,U
sh600519,贵州茅台,10:55:57,1435.69,200,1435.69,U
sh600519,贵州茅台,10:56:03,1435.71,500,1435.69,U
sh600519,贵州茅台,10:56:06,1435.83,700,1435.71,U
sh600519,贵州茅台,10:56:09,1435.69,1400,1435.83,E
sh600519,贵州茅台,10:56:12,1435.96,300,1435.69,E
sh600519,贵州茅台,10:56:18,1436.0,900,1435.96,D
sh600519,贵州茅台,10:56:21,1436.0,200,1436.0,E
sh600519,贵州茅台,10:56:27,1436.0,300,1436.0,D
sh600519,贵州茅台,10:56:30,1436.16,200,1436.0,E
sh600519,贵州茅台,10:56:39,1436.0,200,1436.16,D
sh600519,贵州茅台,10:56:54,1436.14,300,1436.1,U
sh600519,贵州茅台,10:57:06,1436.01,500,1436.01,E
sh600519,贵州茅台,10:57:09,1436.01,300,1436.01,E
sh600519,贵州茅台,10:57:12,1436.0,500,1436.01,D
sh600519,贵州茅台,10:57:15,1435.9,200,1436.0,D
sh600519,贵州茅台,10:57:18,1435.77,400,1435.9,D
sh600519,贵州茅台,10:57:21,1436.0,500,1435.77,U
sh600519,贵州茅台,10:57:24,1436.0,300,1436.0,U
sh600519,贵州茅台,10:57:30,1436.0,1000,1436.0,U
sh600519,贵州茅台,10:57:33,1436.0,200,1436.0,E
sh600519,贵州茅台,10:57:51,1436.16,600,1435.78,U
sh600519,贵州茅台,10:57:54,1435.78,500,1436.16,D
sh600519,贵州茅台,10:57:57,1436.17,200,1435.78,U
sh600519,贵州茅台,10:58:03,1436.17,400,1436.17,D
sh600519,贵州茅台,10:58:06,1436.18,400,1436.17,U
sh600519,贵州茅台,10:58:09,1436.17,200,1436.18,E
sh600519,贵州茅台,10:58:18,1436.0,500,1436.01,D
sh600519,贵州茅台,10:58:21,1435.78,300,1436.0,D
sh600519,贵州茅台,10:58:24,1435.78,200,1435.78,D
sh600519,贵州茅台,10:58:33,1435.79,200,1435.78,D
sh600519,贵州茅台,10:58:36,1435.75,500,1435.79,D
sh600519,贵州茅台,10:58:45,1435.8,200,1435.99,E
sh600519,贵州茅台,10:58:48,1435.81,400,1435.8,E
sh600519,贵州茅台,10:58:57,1435.99,200,1435.8,U
sh600519,贵州茅台,10:59:00,1435.8,889,1435.99,D
sh600519,贵州茅台,10:59:03,1435.73,600,1435.8,D
sh600519,贵州茅台,10:59:09,1435.65,300,1435.72,D
sh600519,贵州茅台,10:59:24,1435.78,200,1435.71,U
sh600519,贵州茅台,10:59:27,1435.71,300,1435.78,E
sh600519,贵州茅台,10:59:33,1435.8,811,1435.67,U
sh600519,贵州茅台,10:59:36,1435.99,400,1435.8,U
sh600519,贵州茅台,10:59:39,1436.29,1825,1435.99,U
sh600519,贵州茅台,10:59:42,1436.19,600,1436.29,D
sh600519,贵州茅台,10:59:45,1435.8,900,1436.19,D
sh600519,贵州茅台,10:59:48,1436.0,400,1435.8,U
sh600519,贵州茅台,10:59:54,1436.0,300,1436.0,D
sh600519,贵州茅台,11:00:03,1436.28,200,1436.0,U
sh600519,贵州茅台,11:00:06,1436.0,200,1436.28,D
sh600519,贵州茅台,11:00:15,1436.28,500,1436.0,U
sh600519,贵州茅台,11:00:21,1436.28,200,1436.28,D
sh600519,贵州茅台,11:00:24,1436.28,400,1436.28,D
sh600519,贵州茅台,11:00:27,1436.38,500,1436.28,U
sh600519,贵州茅台,11:00:30,1436.28,600,1436.38,D
sh600519,贵州茅台,11:00:36,1436.28,400,1436.28,D
sh600519,贵州茅台,11:00:45,1436.02,900,1436.28,D
sh600519,贵州茅台,11:00:57,1436.33,200,1436.33,U
sh600519,贵州茅台,11:01:06,1436.28,300,1436.33,D
sh600519,贵州茅台,11:01:09,1436.33,200,1436.28,U
sh600519,贵州茅台,11:01:12,1436.37,300,1436.33,U
sh600519,贵州茅台,11:01:15,1436.38,2200,1436.37,U
sh600519,贵州茅台,11:01:18,1436.5,700,1436.38,U
sh600519,贵州茅台,11:01:24,1436.29,300,1436.37,D
sh600519,贵州茅台,11:01:27,1436.02,1000,1436.29,D
sh600519,贵州茅台,11:01:30,1436.01,200,1436.02,D
sh600519,贵州茅台,11:01:39,1436.01,300,1436.02,D
sh600519,贵州茅台,11:01:54,1436.0,300,1436.01,D
sh600519,贵州茅台,11:01:57,1436.01,300,1436.0,U
sh600519,贵州茅台,11:02:00,1435.99,500,1436.01,D
sh600519,贵州茅台,11:02:03,1435.83,500,1435.99,D
sh600519,贵州茅台,11:02:24,1435.74,2600,1435.83,D
sh600519,贵州茅台,11:02:27,1435.74,500,1435.74,U
sh600519,贵州茅台,11:02:36,1435.5,263,1435.5,D
sh600519,贵州茅台,11:02:42,1435.48,400,1435.5,D
sh600519,贵州茅台,11:02:48,1435.41,300,1435.41,D
sh600519,贵州茅台,11:02:57,1435.49,200,1435.41,D
sh600519,贵州茅台,11:03:00,1435.41,200,1435.49,D
sh600519,贵州茅台,11:03:03,1435.29,800,1435.41,D
sh600519,贵州茅台,11:03:06,1435.49,300,1435.29,E
sh600519,贵州茅台,11:03:21,1435.27,200,1435.27,E
sh600519,贵州茅台,11:03:24,1435.49,300,1435.27,U
sh600519,贵州茅台,11:03:27,1435.41,700,1435.49,D
sh600519,贵州茅台,11:03:36,1435.41,200,1435.41,E
sh600519,贵州茅台,11:03:39,1435.26,300,1435.41,D
sh600519,贵州茅台,11:03:45,1435.49,200,1435.48,U
sh600519,贵州茅台,11:03:51,1435.27,400,1435.49,D
sh600519,贵州茅台,11:03:54,1435.49,200,1435.27,U
sh600519,贵州茅台,11:04:06,1435.29,350,1435.48,U
sh600519,贵州茅台,11:04:09,1435.5,1700,1435.29,U
sh600519,贵州茅台,11:04:15,1435.83,400,1435.73,U
sh600519,贵州茅台,11:04:18,1435.93,200,1435.83,U
sh600519,贵州茅台,11:04:21,1436.0,200,1435.93,U
sh600519,贵州茅台,11:04:24,1435.55,700,1436.0,D
sh600519,贵州茅台,11:04:36,1436.0,200,1436.0,U
sh600519,贵州茅台,11:04:48,1436.0,500,1436.0,U
sh600519,贵州茅台,11:04:54,1435.9,900,1435.91,D
sh600519,贵州茅台,11:04:57,1435.98,200,1435.9,U
sh600519,贵州茅台,11:05:12,1435.98,400,1435.89,U
sh600519,贵州茅台,11:05:15,1436.0,400,1435.98,U
sh600519,贵州茅台,11:05:18,1436.39,3000,1436.0,U
sh600519,贵州茅台,11:05:21,1436.88,500,1436.39,U
sh600519,贵州茅台,11:05:27,1436.88,500,1436.88,D
sh600519,贵州茅台,11:05:33,1436.52,200,1436.88,D
sh600519,贵州茅台,11:05:39,1436.96,400,1436.52,U
sh600519,贵州茅台,11:05:51,1437.0,1300,1436.96,U
sh600519,贵州茅台,11:05:54,1437.16,1400,1437.0,U
sh600519,贵州茅台,11:05:57,1437.16,1800,1437.16,U
sh600519,贵州茅台,11:06:00,1437.16,300,1437.16,U
sh600519,贵州茅台,11:06:03,1437.27,300,1437.16,U
sh600519,贵州茅台,11:06:06,1437.9,1700,1437.27,U
sh600519,贵州茅台,11:06:09,1437.86,700,1437.9,D
sh600519,贵州茅台,11:06:12,1437.96,300,1437.86,U
sh600519,贵州茅台,11:06:15,1438.0,1700,1437.96,U
sh600519,贵州茅台,11:06:18,1438.0,800,1438.0,U
sh600519,贵州茅台,11:06:21,1438.0,900,1438.0,U
sh600519,贵州茅台,11:06:27,1437.98,500,1438.0,D
sh600519,贵州茅台,11:06:33,1438.0,300,1438.0,U
sh600519,贵州茅台,11:06:36,1437.97,200,1438.0,E
sh600519,贵州茅台,11:06:39,1437.98,600,1437.97,E
sh600519,贵州茅台,11:06:42,1438.0,200,1437.98,U
sh600519,贵州茅台,11:06:45,1437.98,200,1438.0,U
sh600519,贵州茅台,11:06:48,1437.97,300,1437.98,D
sh600519,贵州茅台,11:06:54,1437.96,300,1437.96,D
sh600519,贵州茅台,11:06:57,1437.96,2300,1437.96,D
sh600519,贵州茅台,11:07:00,1437.96,700,1437.96,U
sh600519,贵州茅台,11:07:03,1437.97,300,1437.96,U
sh600519,贵州茅台,11:07:06,1437.92,200,1437.97,E
sh600519,贵州茅台,11:07:09,1437.9,400,1437.92,D
sh600519,贵州茅台,11:07:12,1437.96,1500,1437.9,U
sh600519,贵州茅台,11:07:15,1437.91,300,1437.96,E
sh600519,贵州茅台,11:07:18,1438.88,6500,1437.91,U
sh600519,贵州茅台,11:07:21,1439.0,4600,1438.88,U
sh600519,贵州茅台,11:07:24,1439.03,2700,1439.0,U
sh600519,贵州茅台,11:07:27,1439.3,1100,1439.03,U
sh600519,贵州茅台,11:07:33,1439.39,300,1439.3,U
sh600519,贵州茅台,11:07:39,1439.47,300,1439.41,U
sh600519,贵州茅台,11:07:42,1439.5,400,1439.47,U
sh600519,贵州茅台,11:07:45,1439.5,200,1439.5,U
sh600519,贵州茅台,11:07:51,1439.49,300,1439.4,U
sh600519,贵州茅台,11:07:57,1439.48,300,1439.49,E
sh600519,贵州茅台,11:08:00,1439.5,200,1439.48,U
sh600519,贵州茅台,11:08:03,1439.41,300,1439.5,D
sh600519,贵州茅台,11:08:06,1439.41,200,1439.41,U
sh600519,贵州茅台,11:08:09,1439.39,200,1439.41,D
sh600519,贵州茅台,11:08:12,1439.29,500,1439.39,D
sh600519,贵州茅台,11:08:21,1438.71,300,1439.15,D
sh600519,贵州茅台,11:08:24,1439.15,300,1438.71,U
sh600519,贵州茅台,11:08:30,1438.6,200,1438.61,D
sh600519,贵州茅台,11:08:33,1437.85,500,1438.6,D
sh600519,贵州茅台,11:08:39,1437.88,500,1437.85,E
sh600519,贵州茅台,11:08:42,1437.98,800,1437.88,D
sh600519,贵州茅台,11:08:45,1439.3,800,1437.98,U
sh600519,贵州茅台,11:08:48,1439.13,900,1439.3,E
sh600519,贵州茅台,11:08:54,1439.31,1200,1439.14,U
sh600519,贵州茅台,11:08:57,1439.31,500,1439.31,U
sh600519,贵州茅台,11:09:03,1439.19,1100,1439.07,E
sh600519,贵州茅台,11:09:06,1438.28,200,1439.19,E
sh600519,贵州茅台,11:09:12,1438.42,200,1439.0,E
sh600519,贵州茅台,11:09:24,1438.64,200,1438.57,E
sh600519,贵州茅台,11:09:33,1438.6,200,1438.64,D
sh600519,贵州茅台,11:09:39,1438.58,400,1438.6,D
sh600519,贵州茅台,11:09:48,1438.42,200,1438.39,E
sh600519,贵州茅台,11:09:51,1438.42,400,1438.42,D
sh600519,贵州茅台,11:09:54,1438.62,1200,1438.42,U
sh600519,贵州茅台,11:09:57,1438.64,400,1438.62,E
sh600519,贵州茅台,11:10:00,1438.46,1300,1438.64,D
sh600519,贵州茅台,11:10:03,1438.6,500,1438.46,U
sh600519,贵州茅台,11:10:18,1438.46,300,1438.48,D
sh600519,贵州茅台,11:10:24,1438.45,200,1438.46,E
sh600519,贵州茅台,11:10:27,1438.43,300,1438.45,D
sh600519,贵州茅台,11:10:33,1438.42,400,1438.43,D
sh600519,贵州茅台,11:10:36,1438.46,600,1438.42,U
sh600519,贵州茅台,11:10:42,1438.42,300,1438.46,D
sh600519,贵州茅台,11:10:45,1438.43,400,1438.42,D
sh600519,贵州茅台,11:10:48,1438.46,300,1438.43,U
sh600519,贵州茅台,11:10:51,1438.45,500,1438.46,E
sh600519,贵州茅台,11:10:54,1438.42,200,1438.45,D
sh600519,贵州茅台,11:10:57,1438.43,600,1438.42,D
sh600519,贵州茅台,11:11:00,1438.46,800,1438.43,U
sh600519,贵州茅台,11:11:03,1438.38,500,1438.46,D
sh600519,贵州茅台,11:11:06,1438.0,200,1438.38,D
sh600519,贵州茅台,11:11:09,1438.08,200,1438.0,D
sh600519,贵州茅台,11:11:12,1438.09,200,1438.08,D
sh600519,贵州茅台,11:11:15,1438.08,200,1438.09,D
sh600519,贵州茅台,11:11:18,1438.09,200,1438.08,U
sh600519,贵州茅台,11:11:21,1438.08,200,1438.09,D
sh600519,贵州茅台,11:11:24,1438.08,300,1438.08,D
sh600519,贵州茅台,11:11:33,1438.07,500,1438.07,D
sh600519,贵州茅台,11:11:39,1438.01,200,1438.07,D
sh600519,贵州茅台,11:11:45,1438.0,600,1438.01,D
sh600519,贵州茅台,11:11:48,1437.9,400,1438.0,D
sh600519,贵州茅台,11:11:51,1437.9,300,1437.9,E
sh600519,贵州茅台,11:11:54,1437.89,500,1437.9,D
sh600519,贵州茅台,11:12:00,1437.16,200,1437.89,D
sh600519,贵州茅台,11:12:03,1437.83,800,1437.16,U
sh600519,贵州茅台,11:12:06,1437.88,1000,1437.83,U
sh600519,贵州茅台,11:12:12,1437.9,400,1437.88,U
sh600519,贵州茅台,11:12:15,1437.88,200,1437.9,D
sh600519,贵州茅台,11:12:24,1437.89,500,1437.88,D
sh600519,贵州茅台,11:12:30,1437.89,200,1437.89,D
sh600519,贵州茅台,11:12:33,1437.89,300,1437.89,D
sh600519,贵州茅台,11:12:36,1437.9,300,1437.89,U
sh600519,贵州茅台,11:12:42,1437.89,600,1437.89,D
sh600519,贵州茅台,11:12:51,1437.88,700,1437.88,D
sh600519,贵州茅台,11:12:57,1437.29,200,1437.29,D
sh600519,贵州茅台,11:13:03,1437.3,200,1437.29,D
sh600519,贵州茅台,11:13:06,1437.3,200,1437.3,D
sh600519,贵州茅台,11:13:09,1437.44,300,1437.3,E
sh600519,贵州茅台,11:13:12,1437.44,300,1437.44,E
sh600519,贵州茅台,11:13:18,1437.52,200,1437.44,D
sh600519,贵州茅台,11:13:24,1437.5,300,1437.44,E
sh600519,贵州茅台,11:13:27,1437.44,200,1437.5,D
sh600519,贵州茅台,11:13:36,1437.43,400,1437.44,D
sh600519,贵州茅台,11:13:42,1437.34,1300,1437.43,D
sh600519,贵州茅台,11:13:54,1437.24,200,1437.24,U
sh600519,贵州茅台,11:13:57,1436.36,200,1437.24,D
sh600519,贵州茅台,11:14:33,1437.0,300,1437.0,D
sh600519,贵州茅台,11:14:36,1436.95,300,1437.0,E
sh600519,贵州茅台,11:14:42,1436.55,600,1436.95,E
sh600519,贵州茅台,11:14:54,1436.89,230,1436.55,U
sh600519,贵州茅台,11:15:12,1436.57,200,1436.57,U
sh600519,贵州茅台,11:15:24,1436.57,300,1436.57,D
sh600519,贵州茅台,11:15:33,1436.57,500,1436.9,D
sh600519,贵州茅台,11:15:36,1436.56,200,1436.57,D
sh600519,贵州茅台,11:15:51,1436.58,500,1436.56,U
sh600519,贵州茅台,11:16:03,1436.53,800,1436.55,D
sh600519,贵州茅台,11:16:06,1436.52,300,1436.53,D
sh600519,贵州茅台,11:16:09,1436.52,200,1436.52,D
sh600519,贵州茅台,11:16:12,1436.52,300,1436.52,D
sh600519,贵州茅台,11:16:15,1436.58,300,1436.52,U
sh600519,贵州茅台,11:16:18,1436.39,200,1436.58,D
sh600519,贵州茅台,11:16:30,1436.58,300,1436.39,U
sh600519,贵州茅台,11:16:39,1436.59,1300,1436.57,U
sh600519,贵州茅台,11:16:45,1436.59,1500,1436.43,U
sh600519,贵州茅台,11:16:48,1436.44,400,1436.59,D
sh600519,贵州茅台,11:16:54,1436.52,200,1436.44,D
sh600519,贵州茅台,11:16:57,1436.52,300,1436.52,E
sh600519,贵州茅台,11:17:06,1436.51,300,1436.66,D
sh600519,贵州茅台,11:17:12,1436.66,200,1436.66,D
sh600519,贵州茅台,11:17:15,1436.87,200,1436.66,U
sh600519,贵州茅台,11:17:24,1436.9,200,1436.88,U
sh600519,贵州茅台,11:17:27,1436.9,200,1436.9,U
sh600519,贵州茅台,11:17:51,1436.89,200,1436.89,U
sh600519,贵州茅台,11:17:54,1436.88,200,1436.89,U
sh600519,贵州茅台,11:18:00,1436.89,200,1436.88,U
sh600519,贵州茅台,11:18:03,1436.89,300,1436.89,U
sh600519,贵州茅台,11:18:09,1436.6,1900,1436.88,D
sh600519,贵州茅台,11:18:12,1436.6,400,1436.6,U
sh600519,贵州茅台,11:18:27,1436.6,400,1436.6,U
sh600519,贵州茅台,11:18:54,1436.54,200,1436.6,D
sh600519,贵州茅台,11:19:03,1436.6,300,1436.54,U
sh600519,贵州茅台,11:19:09,1436.55,300,1436.6,D
sh600519,贵州茅台,11:19:18,1436.6,500,1436.59,U
sh600519,贵州茅台,11:19:30,1436.69,200,1436.56,U
sh600519,贵州茅台,11:19:36,1436.61,200,1436.69,D
sh600519,贵州茅台,11:19:54,1436.63,400,1436.61,D
sh600519,贵州茅台,11:20:00,1436.6,900,1436.62,D
sh600519,贵州茅台,11:20:03,1436.56,200,1436.6,D
sh600519,贵州茅台,11:20:06,1436.6,300,1436.56,U
sh600519,贵州茅台,11:20:12,1436.52,700,1436.56,D
sh600519,贵州茅台,11:20:15,1436.5,600,1436.52,D
sh600519,贵州茅台,11:20:18,1436.39,400,1436.5,D
sh600519,贵州茅台,11:20:27,1436.39,300,1436.39,D
sh600519,贵州茅台,11:20:30,1436.38,200,1436.39,D
sh600519,贵州茅台,11:20:33,1436.1,1100,1436.38,D
sh600519,贵州茅台,11:20:36,1436.07,300,1436.1,D
sh600519,贵州茅台,11:20:39,1436.37,800,1436.07,U
sh600519,贵州茅台,11:20:48,1436.09,400,1436.1,E
sh600519,贵州茅台,11:20:54,1436.07,600,1436.07,D
sh600519,贵州茅台,11:21:09,1436.09,200,1436.07,U
sh600519,贵州茅台,11:21:57,1435.13,1000,1435.12,E
sh600519,贵州茅台,11:22:09,1435.09,200,1435.11,D
sh600519,贵州茅台,11:22:15,1435.12,500,1435.09,U
sh600519,贵州茅台,11:22:24,1435.12,300,1435.11,U
sh600519,贵州茅台,11:22:27,1435.99,200,1435.12,U
sh600519,贵州茅台,11:22:33,1435.99,200,1435.99,U
sh600519,贵州茅台,11:22:48,1435.13,800,1435.13,D
sh600519,贵州茅台,11:22:51,1435.1,300,1435.13,D
sh600519,贵州茅台,11:23:03,1435.12,400,1435.1,D
sh600519,贵州茅台,11:23:42,1435.13,300,1435.13,D
sh600519,贵州茅台,11:23:54,1435.2,300,1435.2,U
sh600519,贵州茅台,11:23:57,1435.89,400,1435.2,U
sh600519,贵州茅台,11:24:15,1435.17,700,1435.19,D
sh600519,贵州茅台,11:24:24,1435.23,300,1435.17,U
sh600519,贵州茅台,11:24:27,1435.18,500,1435.23,D
sh600519,贵州茅台,11:24:30,1435.05,1500,1435.18,D
sh600519,贵州茅台,11:24:33,1435.03,900,1435.05,D
sh600519,贵州茅台,11:24:36,1435.05,400,1435.03,E
sh600519,贵州茅台,11:24:57,1435.0,500,1435.01,D
sh600519,贵州茅台,11:25:00,1435.15,800,1435.0,U
sh600519,贵州茅台,11:25:12,1435.07,500,1435.01,U
sh600519,贵州茅台,11:25:21,1435.0,200,1435.07,D
sh600519,贵州茅台,11:25:24,1435.01,200,1435.0,U
sh600519,贵州茅台,11:25:33,1435.0,300,1435.01,D
sh600519,贵州茅台,11:25:36,1435.01,600,1435.0,E
sh600519,贵州茅台,11:25:45,1435.0,200,1435.0,D
sh600519,贵州茅台,11:26:15,1435.01,200,1435.02,D
sh600519,贵州茅台,11:26:21,1435.72,200,1435.01,U
sh600519,贵州茅台,11:26:30,1435.01,200,1435.01,D
sh600519,贵州茅台,11:26:51,1435.0,200,1435.8,D
sh600519,贵州茅台,11:26:54,1435.8,300,1435.0,U
sh600519,贵州茅台,11:27:12,1435.0,200,1435.0,D
sh600519,贵州茅台,11:27:27,1435.82,200,1435.0,U
sh600519,贵州茅台,11:27:45,1435.0,400,1435.84,D
sh600519,贵州茅台,11:28:03,1435.03,200,1435.84,D
sh600519,贵州茅台,11:28:36,1435.82,200,1435.01,U
sh600519,贵州茅台,11:28:39,1435.01,300,1435.82,D
sh600519,贵州茅台,11:28:45,1435.03,200,1435.01,D
sh600519,贵州茅台,11:28:57,1435.85,200,1435.03,U
sh600519,贵州茅台,11:29:06,1435.86,200,1435.03,U
sh600519,贵州茅台,11:29:12,1435.87,300,1435.18,U
sh600519,贵州茅台,11:29:24,1435.9,400,1435.87,U
sh600519,贵州茅台,11:29:27,1435.88,300,1435.9,D
sh600519,贵州茅台,11:29:33,1435.87,200,1435.88,D
sh600519,贵州茅台,11:29:42,1435.86,500,1435.87,D
sh600519,贵州茅台,11:29:54,1435.85,400,1435.5,U
sh600519,贵州茅台,13:00:03,1435.03,2000,1435.03,D
sh600519,贵州茅台,13:00:06,1435.03,3100,1435.03,D
sh600519,贵州茅台,13:00:09,1434.97,6400,1435.03,D
sh600519,贵州茅台,13:00:12,1434.0,5500,1434.97,D
sh600519,贵州茅台,13:00:15,1433.5,2400,1434.0,D
sh600519,贵州茅台,13:00:18,1432.5,7500,1433.5,D
sh600519,贵州茅台,13:00:21,1433.0,900,1432.5,E
sh600519,贵州茅台,13:00:24,1432.55,1700,1433.0,D
sh600519,贵州茅台,13:00:27,1433.5,200,1432.55,U
sh600519,贵州茅台,13:00:30,1433.0,200,1433.5,D
sh600519,贵州茅台,13:00:33,1432.53,200,1433.0,D
sh600519,贵州茅台,13:00:39,1432.53,300,1432.55,D
sh600519,贵州茅台,13:00:45,1432.6,300,1432.53,E
sh600519,贵州茅台,13:00:48,1432.5,300,1432.6,D
sh600519,贵州茅台,13:00:54,1432.99,400,1432.53,U
sh600519,贵州茅台,13:00:57,1432.5,800,1432.99,D
sh600519,贵州茅台,13:01:03,1432.71,300,1432.5,D
sh600519,贵州茅台,13:01:15,1432.71,200,1432.5,U
sh600519,贵州茅台,13:01:21,1432.11,1400,1432.61,D
sh600519,贵州茅台,13:01:24,1431.5,4600,1432.11,D
sh600519,贵州茅台,13:01:27,1431.15,2700,1431.5,D
sh600519,贵州茅台,13:01:30,1431.02,1700,1431.15,D
sh600519,贵州茅台,13:01:33,1431.01,300,1431.02,D
sh600519,贵州茅台,13:01:36,1431.77,900,1431.01,U
sh600519,贵州茅台,13:01:42,1432.6,200,1431.77,U
sh600519,贵州茅台,13:01:45,1432.58,400,1432.6,U
sh600519,贵州茅台,13:01:48,1432.53,200,1432.58,D
sh600519,贵州茅台,13:02:03,1432.53,200,1432.53,U
sh600519,贵州茅台,13:02:06,1433.0,1200,1432.53,U
sh600519,贵州茅台,13:02:09,1432.71,600,1433.0,D
sh600519,贵州茅台,13:02:18,1433.3,400,1432.71,U
sh600519,贵州茅台,13:02:21,1432.72,400,1433.3,E
sh600519,贵州茅台,13:02:24,1432.55,200,1432.72,D
sh600519,贵州茅台,13:02:30,1433.51,2400,1433.1,U
sh600519,贵州茅台,13:02:36,1432.53,400,1433.51,D
sh600519,贵州茅台,13:02:39,1432.54,200,1432.53,D
sh600519,贵州茅台,13:02:42,1432.72,600,1432.54,U
sh600519,贵州茅台,13:02:45,1432.51,300,1432.72,D
sh600519,贵州茅台,13:02:51,1432.51,200,1432.51,U
sh600519,贵州茅台,13:02:54,1432.7,800,1432.51,U
sh600519,贵州茅台,13:02:57,1433.48,600,1432.7,U
sh600519,贵州茅台,13:03:00,1433.5,200,1433.48,D
sh600519,贵州茅台,13:03:06,1432.72,200,1433.5,D
sh600519,贵州茅台,13:03:24,1433.99,300,1432.72,E
sh600519,贵州茅台,13:03:27,1433.49,200,1433.99,D
sh600519,贵州茅台,13:03:33,1432.73,200,1433.49,E
sh600519,贵州茅台,13:03:42,1432.72,200,1433.0,D
sh600519,贵州茅台,13:03:51,1433.47,200,1432.72,U
sh600519,贵州茅台,13:04:00,1432.72,200,1433.47,D
sh600519,贵州茅台,13:04:06,1433.47,1100,1432.73,U
sh600519,贵州茅台,13:04:21,1433.47,400,1433.53,D
sh600519,贵州茅台,13:04:24,1433.53,300,1433.47,U
sh600519,贵州茅台,13:04:33,1433.52,200,1433.0,E
sh600519,贵州茅台,13:04:39,1432.69,8500,1432.88,D
sh600519,贵州茅台,13:04:42,1433.6,1100,1432.69,U
sh600519,贵州茅台,13:04:45,1433.0,200,1433.6,D
sh600519,贵州茅台,13:04:54,1432.54,200,1432.54,U
sh600519,贵州茅台,13:04:57,1433.0,200,1432.54,U
sh600519,贵州茅台,13:05:00,1432.54,300,1433.0,D
sh600519,贵州茅台,13:05:06,1432.52,200,1432.54,D
sh600519,贵州茅台,13:05:12,1432.7,300,1432.69,E
sh600519,贵州茅台,13:05:21,1433.5,700,1432.56,U
sh600519,贵州茅台,13:05:39,1433.49,200,1432.6,U
sh600519,贵州茅台,13:05:48,1433.5,200,1432.6,U
sh600519,贵州茅台,13:05:54,1433.49,200,1433.5,E
sh600519,贵州茅台,13:06:06,1433.46,1525,1432.89,E
sh600519,贵州茅台,13:06:12,1433.0,200,1433.46,D
sh600519,贵州茅台,13:06:21,1433.46,200,1433.46,U
sh600519,贵州茅台,13:06:27,1433.01,200,1433.07,D
sh600519,贵州茅台,13:06:30,1433.46,200,1433.01,U
sh600519,贵州茅台,13:06:33,1433.46,400,1433.46,U
sh600519,贵州茅台,13:06:45,1433.6,200,1433.5,U
sh600519,贵州茅台,13:06:48,1433.6,200,1433.6,D
sh600519,贵州茅台,13:07:00,1433.89,500,1433.89,D
sh600519,贵州茅台,13:07:06,1433.89,200,1433.9,D
sh600519,贵州茅台,13:07:18,1434.0,600,1433.99,U
sh600519,贵州茅台,13:07:21,1434.0,500,1434.0,U
sh600519,贵州茅台,13:07:24,1434.0,1400,1434.0,U
sh600519,贵州茅台,13:07:33,1434.01,200,1434.36,D
sh600519,贵州茅台,13:07:36,1434.74,200,1434.01,E
sh600519,贵州茅台,13:07:48,1434.79,200,1434.36,U
sh600519,贵州茅台,13:07:54,1434.79,500,1434.37,E
sh600519,贵州茅台,13:08:06,1435.0,300,1435.0,U
sh600519,贵州茅台,13:08:18,1435.0,300,1435.0,U
sh600519,贵州茅台,13:08:30,1434.0,1500,1435.0,D
sh600519,贵州茅台,13:08:33,1434.0,1000,1434.0,D
sh600519,贵州茅台,13:08:36,1433.98,600,1434.0,D
sh600519,贵州茅台,13:08:45,1433.88,300,1433.98,D
sh600519,贵州茅台,13:08:48,1433.88,900,1433.88,D
sh600519,贵州茅台,13:08:51,1433.59,600,1433.88,D
sh600519,贵州茅台,13:09:00,1433.9,1200,1433.59,U
sh600519,贵州茅台,13:09:33,1434.11,500,1434.0,U
sh600519,贵州茅台,13:10:00,1434.99,200,1434.99,U
sh600519,贵州茅台,13:10:06,1434.99,200,1434.99,E
sh600519,贵州茅台,13:10:33,1434.95,400,1434.95,U
sh600519,贵州茅台,13:10:39,1434.93,700,1434.95,E
sh600519,贵州茅台,13:10:45,1435.0,300,1434.93,U
sh600519,贵州茅台,13:10:48,1435.0,400,1435.0,U
sh600519,贵州茅台,13:10:51,1434.31,200,1435.0,D
sh600519,贵州茅台,13:10:54,1434.31,400,1434.31,D
sh600519,贵州茅台,13:11:09,1435.03,400,1435.0,U
sh600519,贵州茅台,13:11:12,1434.31,300,1435.03,D
sh600519,贵州茅台,13:11:15,1434.3,200,1434.31,D
sh600519,贵州茅台,13:11:21,1435.03,1300,1434.3,U
sh600519,贵州茅台,13:11:30,1435.03,300,1435.03,D
sh600519,贵州茅台,13:11:33,1435.03,1000,1435.03,D
sh600519,贵州茅台,13:11:48,1435.0,200,1435.09,D
sh600519,贵州茅台,13:11:57,1435.09,200,1435.09,U
sh600519,贵州茅台,13:12:06,1434.99,200,1435.09,D
sh600519,贵州茅台,13:12:12,1435.09,200,1434.99,D
sh600519,贵州茅台,13:12:18,1434.99,500,1435.09,D
sh600519,贵州茅台,13:12:21,1434.44,200,1434.99,D
sh600519,贵州茅台,13:12:24,1434.18,800,1434.44,D
sh600519,贵州茅台,13:12:33,1434.44,200,1434.18,U
sh600519,贵州茅台,13:12:36,1434.18,300,1434.44,D
sh600519,贵州茅台,13:12:39,1434.44,200,1434.18,U
sh600519,贵州茅台,13:12:42,1434.28,600,1434.44,D
sh600519,贵州茅台,13:12:45,1434.43,300,1434.28,E
sh600519,贵州茅台,13:12:57,1434.44,200,1434.43,U
sh600519,贵州茅台,13:13:03,1434.28,200,1434.28,D
sh600519,贵州茅台,13:13:06,1434.29,200,1434.28,U
sh600519,贵州茅台,13:13:09,1434.3,300,1434.29,U
sh600519,贵州茅台,13:13:30,1435.08,400,1435.0,E
sh600519,贵州茅台,13:14:06,1435.0,300,1434.36,U
sh600519,贵州茅台,13:14:09,1434.3,1000,1435.0,D
sh600519,贵州茅台,13:14:15,1435.0,500,1434.28,U
sh600519,贵州茅台,13:14:18,1434.28,200,1435.0,D
sh600519,贵州茅台,13:14:27,1434.28,300,1434.28,D
sh600519,贵州茅台,13:14:36,1434.99,200,1434.29,U
sh600519,贵州茅台,13:14:54,1434.28,1200,1434.29,D
sh600519,贵州茅台,13:14:57,1434.28,300,1434.28,U
sh600519,贵州茅台,13:15:00,1434.15,201,1434.28,D
sh600519,贵州茅台,13:15:21,1434.19,200,1434.16,D
sh600519,贵州茅台,13:15:24,1434.2,300,1434.19,U
sh600519,贵州茅台,13:15:30,1434.13,700,1434.19,D
sh600519,贵州茅台,13:15:36,1434.11,400,1434.11,D
sh600519,贵州茅台,13:15:39,1434.11,400,1434.11,D
sh600519,贵州茅台,13:15:42,1433.9,2800,1434.11,D
sh600519,贵州茅台,13:15:45,1433.84,700,1433.9,D
sh600519,贵州茅台,13:15:48,1433.85,300,1433.84,U
sh600519,贵州茅台,13:16:03,1433.66,200,1433.5,D
sh600519,贵州茅台,13:16:39,1433.4,500,1433.63,E
sh600519,贵州茅台,13:16:57,1433.42,400,1433.38,E
sh600519,贵州茅台,13:17:00,1433.4,700,1433.42,D
sh600519,贵州茅台,13:17:06,1433.4,200,1433.4,D
sh600519,贵州茅台,13:17:09,1434.11,500,1433.4,U
sh600519,贵州茅台,13:17:12,1434.11,400,1434.11,U
sh600519,贵州茅台,13:17:15,1434.11,700,1434.11,U
sh600519,贵州茅台,13:17:21,1434.19,500,1434.11,U
sh600519,贵州茅台,13:17:36,1433.53,200,1433.53,D
sh600519,贵州茅台,13:17:57,1433.43,600,1433.43,D
sh600519,贵州茅台,13:18:00,1434.09,200,1433.43,E
sh600519,贵州茅台,13:18:09,1434.77,400,1434.09,U
sh600519,贵州茅台,13:18:15,1434.18,200,1434.77,D
sh600519,贵州茅台,13:18:18,1434.76,200,1434.18,U
sh600519,贵州茅台,13:18:24,1434.7,300,1434.76,E
sh600519,贵州茅台,13:18:27,1433.53,200,1434.7,E
sh600519,贵州茅台,13:18:30,1433.5,200,1433.53,D
sh600519,贵州茅台,13:18:36,1433.51,200,1433.5,E
sh600519,贵州茅台,13:18:57,1435.0,300,1434.77,U
sh600519,贵州茅台,13:19:03,1433.77,500,1435.0,D
sh600519,贵州茅台,13:19:06,1433.85,200,1433.77,E
sh600519,贵州茅台,13:19:39,1433.81,1300,1435.0,D
sh600519,贵州茅台,13:19:42,1434.96,300,1433.81,U
sh600519,贵州茅台,13:19:54,1435.0,600,1435.0,U
sh600519,贵州茅台,13:20:00,1434.0,400,1435.0,D
sh600519,贵州茅台,13:20:30,1434.02,900,1434.02,D
sh600519,贵州茅台,13:20:33,1434.0,500,1434.02,D
sh600519,贵州茅台,13:20:36,1434.0,300,1434.0,D
sh600519,贵州茅台,13:20:39,1433.99,400,1434.0,D
sh600519,贵州茅台,13:20:48,1434.01,200,1433.97,U
sh600519,贵州茅台,13:20:54,1433.81,500,1434.01,D
sh600519,贵州茅台,13:21:06,1434.01,800,1433.9,U
sh600519,贵州茅台,13:21:09,1434.02,1400,1434.01,U
sh600519,贵州茅台,13:21:15,1434.05,1500,1434.02,U
sh600519,贵州茅台,13:21:18,1433.83,2000,1434.05,D
sh600519,贵州茅台,13:21:54,1433.8,1500,1434.99,D
sh600519,贵州茅台,13:21:57,1433.81,200,1433.8,E
sh600519,贵州茅台,13:22:09,1434.04,500,1434.01,D
sh600519,贵州茅台,13:22:12,1434.05,200,1434.04,E
sh600519,贵州茅台,13:22:18,1434.04,300,1434.05,D
sh600519,贵州茅台,13:22:33,1434.04,200,1434.04,D
sh600519,贵州茅台,13:22:39,1434.05,500,1434.04,U
sh600519,贵州茅台,13:23:03,1434.08,200,1434.08,D
sh600519,贵州茅台,13:23:06,1434.05,200,1434.08,D
sh600519,贵州茅台,13:23:21,1434.05,200,1434.05,D
sh600519,贵州茅台,13:23:24,1434.88,200,1434.05,U
sh600519,贵州茅台,13:23:27,1434.01,600,1434.88,D
sh600519,贵州茅台,13:23:30,1434.88,200,1434.01,E
sh600519,贵州茅台,13:24:00,1434.06,200,1434.06,D
sh600519,贵州茅台,13:24:06,1434.02,900,1434.06,D
sh600519,贵州茅台,13:24:12,1434.78,200,1434.02,U
sh600519,贵州茅台,13:24:30,1434.77,300,1434.08,U
sh600519,贵州茅台,13:24:39,1434.0,200,1434.77,D
sh600519,贵州茅台,13:25:06,1434.08,300,1434.77,D
sh600519,贵州茅台,13:25:12,1434.1,300,1434.77,D
sh600519,贵州茅台,13:25:24,1434.13,300,1434.11,D
sh600519,贵州茅台,13:25:33,1434.09,600,1434.11,D
sh600519,贵州茅台,13:26:18,1434.79,600,1434.79,D
sh600519,贵州茅台,13:26:21,1434.7,400,1434.79,E
sh600519,贵州茅台,13:26:24,1434.1,500,1434.7,D
sh600519,贵州茅台,13:26:27,1434.1,400,1434.1,D
sh600519,贵州茅台,13:26:30,1434.1,300,1434.1,D
sh600519,贵州茅台,13:26:36,1434.1,200,1434.1,D
sh600519,贵州茅台,13:26:39,1434.1,300,1434.1,D
sh600519,贵州茅台,13:26:45,1434.1,200,1434.1,D
sh600519,贵州茅台,13:26:48,1434.08,300,1434.1,D
sh600519,贵州茅台,13:26:54,1434.05,300,1434.08,D
sh600519,贵州茅台,13:26:57,1434.0,500,1434.05,D
sh600519,贵州茅台,13:27:00,1433.83,1500,1434.0,D
sh600519,贵州茅台,13:27:03,1434.0,2000,1433.83,U
sh600519,贵州茅台,13:27:12,1433.78,700,1433.82,D
sh600519,贵州茅台,13:27:15,1434.0,200,1433.78,U
sh600519,贵州茅台,13:27:18,1433.8,600,1434.0,D
sh600519,贵州茅台,13:27:21,1434.0,500,1433.8,U
sh600519,贵州茅台,13:27:27,1434.0,300,1434.0,U
sh600519,贵州茅台,13:27:30,1433.79,2600,1434.0,E
sh600519,贵州茅台,13:27:48,1433.8,300,1433.8,D
sh600519,贵州茅台,13:27:51,1433.99,200,1433.8,U
sh600519,贵州茅台,13:27:57,1434.0,300,1433.99,U
sh600519,贵州茅台,13:28:03,1433.99,200,1433.88,U
sh600519,贵州茅台,13:28:18,1434.0,2400,1433.81,U
sh600519,贵州茅台,13:28:21,1434.0,200,1434.0,U
sh600519,贵州茅台,13:28:33,1434.0,200,1434.0,U
sh600519,贵州茅台,13:28:57,1433.85,400,1433.99,D
sh600519,贵州茅台,13:29:12,1434.0,900,1433.99,U
sh600519,贵州茅台,13:29:18,1434.0,400,1434.0,U
sh600519,贵州茅台,13:29:36,1434.09,400,1434.0,U
sh600519,贵州茅台,13:29:39,1434.18,300,1434.09,U
sh600519,贵州茅台,13:29:48,1434.09,200,1434.18,U
sh600519,贵州茅台,13:29:51,1433.86,200,1434.09,D
sh600519,贵州茅台,13:29:54,1434.68,500,1433.86,U
sh600519,贵州茅台,13:30:00,1433.9,200,1434.68,E
sh600519,贵州茅台,13:30:03,1434.59,300,1433.9,U
sh600519,贵州茅台,13:30:09,1434.59,500,1434.59,D
sh600519,贵州茅台,13:30:21,1434.59,400,1434.61,D
sh600519,贵州茅台,13:30:27,1434.0,400,1434.59,D
sh600519,贵州茅台,13:30:30,1434.59,400,1434.0,U
sh600519,贵州茅台,13:30:33,1434.59,200,1434.59,U
sh600519,贵州茅台,13:30:42,1434.59,400,1434.59,U
sh600519,贵州茅台,13:30:51,1434.59,500,1434.59,E
sh600519,贵州茅台,13:30:54,1434.6,200,1434.59,U
sh600519,贵州茅台,13:30:57,1434.66,700,1434.6,U
sh600519,贵州茅台,13:31:03,1434.66,300,1434.66,E
sh600519,贵州茅台,13:31:12,1434.59,400,1434.66,D
sh600519,贵州茅台,13:31:15,1434.67,1900,1434.59,U
sh600519,贵州茅台,13:31:18,1434.67,1300,1434.67,D
sh600519,贵州茅台,13:31:24,1434.54,500,1434.67,D
sh600519,贵州茅台,13:31:36,1434.0,200,1434.05,D
sh600519,贵州茅台,13:31:42,1434.53,300,1434.0,U
sh600519,贵州茅台,13:31:45,1434.54,200,1434.53,D
sh600519,贵州茅台,13:31:48,1434.54,400,1434.54,D
sh600519,贵州茅台,13:31:51,1434.54,300,1434.54,D
sh600519,贵州茅台,13:31:57,1434.52,200,1434.01,E
sh600519,贵州茅台,13:32:24,1434.01,400,1434.01,D
sh600519,贵州茅台,13:32:27,1434.01,200,1434.01,U
sh600519,贵州茅台,13:32:33,1434.0,700,1434.01,D
sh600519,贵州茅台,13:32:42,1434.0,1200,1434.0,D
sh600519,贵州茅台,13:32:48,1433.87,300,1434.0,D
sh600519,贵州茅台,13:32:51,1433.85,1000,1433.87,D
sh600519,贵州茅台,13:32:54,1433.86,300,1433.85,D
sh600519,贵州茅台,13:33:12,1433.99,200,1433.86,U
sh600519,贵州茅台,13:33:24,1434.0,200,1433.99,U
sh600519,贵州茅台,13:33:30,1433.98,300,1434.0,D
sh600519,贵州茅台,13:33:45,1434.0,500,1433.98,U
sh600519,贵州茅台,13:33:54,1434.0,400,1434.43,D
sh600519,贵州茅台,13:33:57,1434.0,200,1434.0,D
sh600519,贵州茅台,13:34:00,1434.48,400,1434.0,U
sh600519,贵州茅台,13:34:03,1434.52,700,1434.48,U
sh600519,贵州茅台,13:34:06,1434.55,400,1434.52,U
sh600519,贵州茅台,13:34:09,1434.48,200,1434.55,D
sh600519,贵州茅台,13:34:15,1434.48,300,1434.48,D
sh600519,贵州茅台,13:34:18,1434.48,200,1434.48,D
sh600519,贵州茅台,13:34:21,1434.0,600,1434.48,D
sh600519,贵州茅台,13:34:24,1434.0,200,1434.0,D
sh600519,贵州茅台,13:34:27,1434.0,200,1434.0,D
sh600519,贵州茅台,13:34:36,1433.98,800,1434.03,D
sh600519,贵州茅台,13:34:39,1433.71,1900,1433.98,D
sh600519,贵州茅台,13:34:42,1433.63,500,1433.71,D
sh600519,贵州茅台,13:34:45,1433.66,800,1433.63,U
sh600519,贵州茅台,13:34:48,1433.61,1400,1433.66,E
sh600519,贵州茅台,13:34:51,1433.48,300,1433.61,E
sh600519,贵州茅台,13:34:54,1433.54,500,1433.48,U
sh600519,贵州茅台,13:34:57,1433.15,600,1433.54,D
sh600519,贵州茅台,13:35:03,1433.06,600,1433.15,D
sh600519,贵州茅台,13:35:06,1433.3,200,1433.06,U
sh600519,贵州茅台,13:35:15,1433.15,400,1433.6,D
sh600519,贵州茅台,13:35:18,1433.31,900,1433.15,E
sh600519,贵州茅台,13:35:21,1433.31,200,1433.31,D
sh600519,贵州茅台,13:35:33,1433.15,500,1433.59,D
sh600519,贵州茅台,13:35:36,1433.58,1000,1433.15,U
sh600519,贵州茅台,13:35:39,1433.58,200,1433.58,U
sh600519,贵州茅台,13:35:45,1433.58,200,1433.31,E
sh600519,贵州茅台,13:35:48,1433.15,400,1433.58,D
sh600519,贵州茅台,13:35:57,1433.31,400,1433.15,U
sh600519,贵州茅台,13:36:06,1433.15,800,1433.09,U
sh600519,贵州茅台,13:36:09,1433.08,200,1433.15,D
sh600519,贵州茅台,13:36:18,1433.08,1100,1433.08,D
sh600519,贵州茅台,13:36:21,1433.08,400,1433.08,D
sh600519,贵州茅台,13:36:24,1433.15,200,1433.08,U
sh600519,贵州茅台,13:36:27,1433.15,300,1433.15,U
sh600519,贵州茅台,13:36:33,1433.15,200,1433.15,U
sh600519,贵州茅台,13:36:36,1433.08,1200,1433.15,D
sh600519,贵州茅台,13:36:39,1433.09,200,1433.08,E
sh600519,贵州茅台,13:36:42,1433.09,200,1433.09,E
sh600519,贵州茅台,13:36:48,1433.04,200,1433.08,D
sh600519,贵州茅台,13:36:51,1433.07,400,1433.04,U
sh600519,贵州茅台,13:37:00,1433.1,200,1433.1,D
sh600519,贵州茅台,13:37:06,1433.04,200,1433.05,D
sh600519,贵州茅台,13:37:09,1433.01,2032,1433.04,D
sh600519,贵州茅台,13:37:12,1432.89,6175,1433.01,D
sh600519,贵州茅台,13:37:15,1432.89,900,1432.89,U
sh600519,贵州茅台,13:37:18,1432.66,400,1432.89,D
sh600519,贵州茅台,13:37:24,1432.66,200,1432.86,D
sh600519,贵州茅台,13:37:27,1432.66,600,1432.66,D
sh600519,贵州茅台,13:37:33,1432.66,900,1432.66,D
sh600519,贵州茅台,13:37:36,1432.6,500,1432.66,D
sh600519,贵州茅台,13:37:42,1432.54,200,1432.54,U
sh600519,贵州茅台,13:37:48,1432.53,700,1432.5,E
sh600519,贵州茅台,13:37:51,1432.54,900,1432.53,U
sh600519,贵州茅台,13:37:54,1432.54,200,1432.54,D
sh600519,贵州茅台,13:37:57,1432.66,700,1432.54,U
sh600519,贵州茅台,13:38:00,1432.91,500,1432.66,U
sh600519,贵州茅台,13:38:09,1433.04,700,1432.87,U
sh600519,贵州茅台,13:38:18,1433.1,1300,1433.04,U
sh600519,贵州茅台,13:38:24,1433.03,200,1433.1,D
sh600519,贵州茅台,13:38:27,1433.03,400,1433.03,D
sh600519,贵州茅台,13:38:36,1432.66,400,1433.1,D
sh600519,贵州茅台,13:38:39,1433.09,700,1432.66,U
sh600519,贵州茅台,13:38:42,1433.2,200,1433.09,U
sh600519,贵州茅台,13:38:54,1433.09,300,1432.66,U
sh600519,贵州茅台,13:39:03,1433.09,400,1433.09,U
sh600519,贵州茅台,13:39:12,1433.0,200,1433.0,D
sh600519,贵州茅台,13:39:15,1433.0,200,1433.0,D
sh600519,贵州茅台,13:39:18,1433.09,200,1433.0,U
sh600519,贵州茅台,13:39:21,1433.0,200,1433.09,D
sh600519,贵州茅台,13:39:24,1432.8,600,1433.0,D
sh600519,贵州茅台,13:39:30,1433.08,200,1432.8,U
sh600519,贵州茅台,13:39:45,1433.08,600,1433.08,D
sh600519,贵州茅台,13:39:48,1433.14,500,1433.08,U
sh600519,贵州茅台,13:39:51,1432.8,200,1433.14,D
sh600519,贵州茅台,13:39:57,1433.08,200,1432.8,U
sh600519,贵州茅台,13:40:00,1433.08,200,1433.08,U
sh600519,贵州茅台,13:40:03,1433.08,300,1433.08,U
sh600519,贵州茅台,13:40:06,1432.85,600,1433.08,D
sh600519,贵州茅台,13:40:24,1433.08,400,1433.09,D
sh600519,贵州茅台,13:40:33,1433.01,400,1433.08,D
sh600519,贵州茅台,13:40:42,1433.0,300,1433.01,D
sh600519,贵州茅台,13:40:45,1433.01,200,1433.0,U
sh600519,贵州茅台,13:40:48,1433.0,600,1433.01,D
sh600519,贵州茅台,13:40:54,1433.0,300,1433.0,D
sh600519,贵州茅台,13:41:00,1433.01,400,1433.01,U
sh600519,贵州茅台,13:41:09,1433.01,400,1433.01,U
sh600519,贵州茅台,13:41:18,1433.01,200,1433.01,U
sh600519,贵州茅台,13:41:21,1433.0,800,1433.01,D
sh600519,贵州茅台,13:41:24,1433.17,600,1433.0,U
sh600519,贵州茅台,13:41:27,1433.11,300,1433.17,E
sh600519,贵州茅台,13:41:45,1433.16,200,1433.01,U
sh600519,贵州茅台,13:41:48,1433.16,200,1433.16,U
sh600519,贵州茅台,13:41:54,1433.16,300,1433.16,U
sh600519,贵州茅台,13:42:00,1433.16,300,1433.16,U
sh600519,贵州茅台,13:42:09,1433.03,300,1433.03,E
sh600519,贵州茅台,13:42:18,1433.14,700,1433.02,U
sh600519,贵州茅台,13:42:27,1433.14,200,1433.14,U
sh600519,贵州茅台,13:42:36,1433.03,200,1433.03,D
sh600519,贵州茅台,13:42:45,1433.14,500,1433.06,U
sh600519,贵州茅台,13:42:48,1433.14,400,1433.14,U
sh600519,贵州茅台,13:42:51,1433.06,600,1433.14,E
sh600519,贵州茅台,13:43:03,1433.02,300,1433.06,D
sh600519,贵州茅台,13:43:06,1433.01,700,1433.02,D
sh600519,贵州茅台,13:43:18,1433.01,2000,1433.0,U
sh600519,贵州茅台,13:43:21,1433.0,600,1433.01,D
sh600519,贵州茅台,13:43:24,1433.01,300,1433.0,U
sh600519,贵州茅台,13:43:33,1433.0,400,1433.01,D
sh600519,贵州茅台,13:43:36,1433.01,200,1433.0,U
sh600519,贵州茅台,13:43:42,1433.01,400,1433.01,U
sh600519,贵州茅台,13:43:48,1433.01,400,1433.01,U
sh600519,贵州茅台,13:43:51,1433.01,300,1433.01,U
sh600519,贵州茅台,13:43:54,1433.01,200,1433.01,U
sh600519,贵州茅台,13:43:57,1433.0,300,1433.01,D
sh600519,贵州茅台,13:44:12,1433.0,200,1433.0,D
sh600519,贵州茅台,13:44:15,1433.0,400,1433.0,D
sh600519,贵州茅台,13:44:18,1433.01,200,1433.0,E
sh600519,贵州茅台,13:44:21,1433.01,200,1433.01,E
sh600519,贵州茅台,13:44:36,1433.1,900,1433.1,U
sh600519,贵州茅台,13:44:42,1433.09,200,1433.1,D
sh600519,贵州茅台,13:44:57,1433.08,400,1433.08,D
sh600519,贵州茅台,13:45:03,1433.08,1000,1433.1,D
sh600519,贵州茅台,13:45:06,1433.08,300,1433.08,D
sh600519,贵州茅台,13:45:12,1433.08,200,1433.08,D
sh600519,贵州茅台,13:45:18,1433.08,600,1433.11,D
sh600519,贵州茅台,13:45:21,1433.11,300,1433.08,U
sh600519,贵州茅台,13:45:24,1433.11,300,1433.11,U
sh600519,贵州茅台,13:45:27,1433.08,300,1433.11,D
sh600519,贵州茅台,13:45:30,1433.07,300,1433.08,D
sh600519,贵州茅台,13:45:39,1433.09,200,1433.09,U
sh600519,贵州茅台,13:45:48,1433.09,500,1433.07,U
sh600519,贵州茅台,13:45:51,1433.08,300,1433.09,U
sh600519,贵州茅台,13:46:03,1433.08,300,1433.05,U
sh600519,贵州茅台,13:46:06,1433.02,800,1433.08,D
sh600519,贵州茅台,13:46:09,1433.08,300,1433.02,U
sh600519,贵州茅台,13:46:18,1433.08,500,1433.08,E
sh600519,贵州茅台,13:46:30,1433.08,200,1433.04,U
sh600519,贵州茅台,13:46:45,1433.04,200,1433.05,D
sh600519,贵州茅台,13:46:48,1433.07,500,1433.04,U
sh600519,贵州茅台,13:46:51,1433.02,500,1433.07,D
sh600519,贵州茅台,13:47:09,1433.02,300,1433.02,D
sh600519,贵州茅台,13:47:18,1433.02,600,1433.04,D
sh600519,贵州茅台,13:47:21,1433.02,400,1433.02,D
sh600519,贵州茅台,13:47:24,1433.03,200,1433.02,E
sh600519,贵州茅台,13:47:27,1433.03,400,1433.03,U
sh600519,贵州茅台,13:47:30,1433.03,200,1433.03,D
sh600519,贵州茅台,13:47:33,1433.03,300,1433.03,E
sh600519,贵州茅台,13:47:36,1433.03,200,1433.03,D
sh600519,贵州茅台,13:47:39,1433.02,300,1433.03,D
sh600519,贵州茅台,13:47:42,1433.02,1300,1433.02,D
sh600519,贵州茅台,13:47:45,1433.01,200,1433.02,D
sh600519,贵州茅台,13:47:48,1433.01,700,1433.01,D
sh600519,贵州茅台,13:48:03,1433.01,200,1433.01,D
sh600519,贵州茅台,13:48:12,1433.01,200,1433.01,D
sh600519,贵州茅台,13:48:15,1433.01,800,1433.01,D
sh600519,贵州茅台,13:48:18,1433.0,900,1433.01,D
sh600519,贵州茅台,13:48:21,1433.0,300,1433.0,D
sh600519,贵州茅台,13:48:24,1433.01,600,1433.0,U
sh600519,贵州茅台,13:48:27,1433.02,300,1433.01,U
sh600519,贵州茅台,13:48:33,1433.0,300,1433.02,D
sh600519,贵州茅台,13:48:36,1433.01,400,1433.0,E
sh600519,贵州茅台,13:48:39,1433.0,200,1433.01,D
sh600519,贵州茅台,13:48:42,1433.0,400,1433.0,D
sh600519,贵州茅台,13:48:51,1433.0,600,1433.0,D
sh600519,贵州茅台,13:48:54,1433.02,500,1433.0,U
sh600519,贵州茅台,13:48:57,1433.0,200,1433.02,D
sh600519,贵州茅台,13:49:00,1432.97,700,1433.0,D
sh600519,贵州茅台,13:49:03,1433.0,1100,1432.97,U
sh600519,贵州茅台,13:49:06,1432.88,800,1433.0,D
sh600519,贵州茅台,13:49:12,1432.88,900,1432.88,D
sh600519,贵州茅台,13:49:15,1432.88,200,1432.88,D
sh600519,贵州茅台,13:49:18,1432.69,700,1432.88,D
sh600519,贵州茅台,13:49:21,1432.93,1000,1432.69,U
sh600519,贵州茅台,13:49:30,1432.66,500,1432.66,D
sh600519,贵州茅台,13:49:36,1432.69,400,1432.66,U
sh600519,贵州茅台,13:49:39,1432.69,200,1432.69,D
sh600519,贵州茅台,13:49:45,1432.7,300,1432.69,E
sh600519,贵州茅台,13:49:51,1432.7,200,1432.69,D
sh600519,贵州茅台,13:49:54,1432.54,500,1432.7,D
sh600519,贵州茅台,13:49:57,1432.55,1600,1432.54,U
sh600519,贵州茅台,13:50:00,1432.51,4500,1432.55,D
sh600519,贵州茅台,13:50:03,1431.72,12700,1432.51,D
sh600519,贵州茅台,13:50:06,1431.22,400,1431.72,D
sh600519,贵州茅台,13:50:09,1431.74,1500,1431.22,U
sh600519,贵州茅台,13:50:12,1431.21,200,1431.74,D
sh600519,贵州茅台,13:50:15,1431.2,200,1431.21,D
sh600519,贵州茅台,13:50:18,1432.03,800,1431.2,U
sh600519,贵州茅台,13:50:21,1431.2,300,1432.03,D
sh600519,贵州茅台,13:50:24,1431.21,200,1431.2,E
sh600519,贵州茅台,13:50:27,1431.2,600,1431.21,D
sh600519,贵州茅台,13:50:30,1431.21,200,1431.2,E
sh600519,贵州茅台,13:50:36,1431.36,400,1431.35,U
sh600519,贵州茅台,13:50:39,1431.35,500,1431.36,U
sh600519,贵州茅台,13:50:42,1431.61,400,1431.35,U
sh600519,贵州茅台,13:50:45,1431.66,600,1431.61,U
sh600519,贵州茅台,13:50:48,1431.61,200,1431.66,E
sh600519,贵州茅台,13:51:00,1431.97,400,1431.74,E
sh600519,贵州茅台,13:51:03,1431.51,200,1431.97,E
sh600519,贵州茅台,13:51:06,1431.51,300,1431.51,D
sh600519,贵州茅台,13:51:18,1431.97,200,1431.51,U
sh600519,贵州茅台,13:51:21,1431.99,800,1431.97,U
sh600519,贵州茅台,13:51:24,1431.9,200,1431.99,E
sh600519,贵州茅台,13:51:27,1431.97,300,1431.9,U
sh600519,贵州茅台,13:51:30,1432.0,300,1431.97,U
sh600519,贵州茅台,13:51:33,1432.03,403,1432.0,U
sh600519,贵州茅台,13:51:36,1431.66,200,1432.03,E
sh600519,贵州茅台,13:51:39,1432.3,400,1431.66,U
sh600519,贵州茅台,13:51:42,1431.53,200,1432.3,D
sh600519,贵州茅台,13:51:45,1432.31,300,1431.53,U
sh600519,贵州茅台,13:51:54,1432.34,200,1432.31,D
sh600519,贵州茅台,13:51:57,1432.34,300,1432.34,U
sh600519,贵州茅台,13:52:03,1432.3,200,1432.34,U
sh600519,贵州茅台,13:52:18,1432.99,300,1432.6,U
sh600519,贵州茅台,13:52:27,1433.0,400,1432.6,U
sh600519,贵州茅台,13:52:33,1432.6,200,1433.0,U
sh600519,贵州茅台,13:52:36,1432.6,300,1432.6,U
sh600519,贵州茅台,13:53:00,1432.6,300,1432.6,D
sh600519,贵州茅台,13:53:12,1432.49,600,1433.0,D
sh600519,贵州茅台,13:53:15,1432.6,700,1432.49,U
sh600519,贵州茅台,13:53:18,1432.64,200,1432.6,U
sh600519,贵州茅台,13:53:33,1432.64,200,1432.64,D
sh600519,贵州茅台,13:54:00,1432.48,400,1432.64,D
sh600519,贵州茅台,13:54:03,1432.39,1200,1432.48,D
sh600519,贵州茅台,13:54:06,1432.38,1800,1432.39,D
sh600519,贵州茅台,13:54:09,1432.03,200,1432.38,D
sh600519,贵州茅台,13:54:24,1432.03,500,1432.31,D
sh600519,贵州茅台,13:54:27,1432.3,200,1432.03,E
sh600519,贵州茅台,13:54:30,1432.3,200,1432.3,U
sh600519,贵州茅台,13:54:36,1432.01,200,1432.3,D
sh600519,贵州茅台,13:54:39,1431.62,1200,1432.01,D
sh600519,贵州茅台,13:54:45,1431.64,200,1431.62,E
sh600519,贵州茅台,13:55:00,1431.64,200,1432.02,D
sh600519,贵州茅台,13:55:15,1431.67,200,1431.65,E
sh600519,贵州茅台,13:55:21,1432.02,200,1432.02,U
sh600519,贵州茅台,13:55:36,1431.65,300,1431.65,D
sh600519,贵州茅台,13:55:54,1431.97,200,1431.71,U
sh600519,贵州茅台,13:55:57,1431.93,200,1431.97,E
sh600519,贵州茅台,13:56:00,1431.66,200,1431.93,D
sh600519,贵州茅台,13:56:12,1432.31,1100,1431.66,U
sh600519,贵州茅台,13:56:18,1432.97,300,1432.31,U
sh600519,贵州茅台,13:56:33,1432.31,200,1432.95,D
sh600519,贵州茅台,13:56:39,1432.31,300,1432.31,D
sh600519,贵州茅台,13:56:45,1432.31,200,1432.31,D
sh600519,贵州茅台,13:56:57,1432.88,200,1432.03,U
sh600519,贵州茅台,13:57:15,1432.87,300,1432.03,U
sh600519,贵州茅台,13:57:21,1432.9,1200,1432.03,U
sh600519,贵州茅台,13:57:30,1432.87,200,1432.03,D
sh600519,贵州茅台,13:57:42,1432.81,200,1432.03,U
sh600519,贵州茅台,13:57:48,1432.03,200,1432.81,D
sh600519,贵州茅台,13:58:09,1432.08,500,1432.08,U
sh600519,贵州茅台,13:58:12,1432.12,200,1432.08,D
sh600519,贵州茅台,13:58:24,1432.92,200,1432.12,U
sh600519,贵州茅台,13:58:27,1432.95,400,1432.92,E
sh600519,贵州茅台,13:58:36,1432.14,400,1432.13,D
sh600519,贵州茅台,13:58:42,1432.91,200,1432.14,U
sh600519,贵州茅台,13:58:48,1432.86,300,1432.14,E
sh600519,贵州茅台,13:58:51,1432.15,200,1432.86,D
sh600519,贵州茅台,13:58:57,1432.16,300,1432.15,D
sh600519,贵州茅台,13:59:03,1432.14,300,1432.8,D
sh600519,贵州茅台,13:59:06,1432.12,400,1432.14,D
sh600519,贵州茅台,13:59:09,1432.08,400,1432.12,D
sh600519,贵州茅台,13:59:12,1432.15,900,1432.08,U
sh600519,贵州茅台,13:59:18,1432.17,200,1432.15,U
sh600519,贵州茅台,13:59:21,1432.17,400,1432.17,U
sh600519,贵州茅台,13:59:30,1432.09,200,1432.09,D
sh600519,贵州茅台,13:59:33,1432.09,600,1432.09,D
sh600519,贵州茅台,13:59:36,1432.08,400,1432.09,E
sh600519,贵州茅台,13:59:42,1432.06,200,1432.07,D
sh600519,贵州茅台,13:59:48,1432.06,200,1432.06,D
sh600519,贵州茅台,13:59:51,1432.06,200,1432.06,D
sh600519,贵州茅台,13:59:57,1432.06,200,1432.07,D
sh600519,贵州茅台,14:00:15,1432.14,500,1432.03,U
sh600519,贵州茅台,14:00:18,1432.03,1300,1432.14,D
sh600519,贵州茅台,14:00:24,1432.17,300,1432.03,U
sh600519,贵州茅台,14:00:27,1432.17,200,1432.17,U
sh600519,贵州茅台,14:00:30,1432.17,200,1432.17,U
sh600519,贵州茅台,14:00:36,1432.17,200,1432.17,U
sh600519,贵州茅台,14:01:24,1432.2,200,1432.2,D
sh600519,贵州茅台,14:01:42,1432.91,300,1432.2,U
sh600519,贵州茅台,14:01:54,1432.92,300,1432.91,U
sh600519,贵州茅台,14:02:03,1432.7,500,1432.92,D
sh600519,贵州茅台,14:02:15,1432.2,200,1432.7,D
sh600519,贵州茅台,14:02:27,1432.2,200,1432.21,D
sh600519,贵州茅台,14:02:30,1432.21,300,1432.2,E
sh600519,贵州茅台,14:02:33,1432.68,200,1432.21,U
sh600519,贵州茅台,14:02:36,1432.2,200,1432.68,D
sh600519,贵州茅台,14:02:48,1432.68,500,1432.68,D
sh600519,贵州茅台,14:03:03,1432.69,500,1432.68,U
sh600519,贵州茅台,14:03:06,1432.68,200,1432.69,D
sh600519,贵州茅台,14:03:15,1432.68,700,1432.68,D
sh600519,贵州茅台,14:03:18,1432.67,200,1432.68,D
sh600519,贵州茅台,14:03:21,1432.2,200,1432.67,D
sh600519,贵州茅台,14:03:36,1432.67,600,1432.2,U
sh600519,贵州茅台,14:03:39,1432.2,200,1432.67,D
sh600519,贵州茅台,14:03:42,1432.21,400,1432.2,D
sh600519,贵州茅台,14:03:51,1432.21,200,1432.7,D
sh600519,贵州茅台,14:03:54,1432.7,400,1432.21,U
sh600519,贵州茅台,14:04:00,1432.7,200,1432.21,U
sh600519,贵州茅台,14:04:15,1432.7,200,1432.21,U
sh600519,贵州茅台,14:04:21,1432.27,815,1432.7,E
sh600519,贵州茅台,14:04:24,1432.7,200,1432.27,U
sh600519,贵州茅台,14:04:33,1432.79,200,1432.7,U
sh600519,贵州茅台,14:04:36,1432.97,500,1432.79,U
sh600519,贵州茅台,14:04:51,1432.96,200,1432.97,U
sh600519,贵州茅台,14:05:00,1432.4,300,1432.96,D
sh600519,贵州茅台,14:05:03,1432.97,200,1432.4,U
sh600519,贵州茅台,14:05:33,1432.97,200,1432.97,D
sh600519,贵州茅台,14:05:36,1432.97,300,1432.97,D
sh600519,贵州茅台,14:05:42,1433.0,200,1432.97,U
sh600519,贵州茅台,14:05:54,1433.0,200,1433.0,D
sh600519,贵州茅台,14:06:03,1433.0,200,1433.0,D
sh600519,贵州茅台,14:06:06,1432.98,600,1433.0,D
sh600519,贵州茅台,14:06:09,1432.96,200,1432.98,D
sh600519,贵州茅台,14:06:18,1432.5,200,1432.5,D
sh600519,贵州茅台,14:06:21,1432.5,200,1432.5,D
sh600519,贵州茅台,14:06:30,1432.73,200,1432.5,U
sh600519,贵州茅台,14:06:39,1432.73,200,1432.5,U
sh600519,贵州茅台,14:06:48,1432.73,500,1432.5,U
sh600519,贵州茅台,14:07:03,1432.51,400,1432.51,D
sh600519,贵州茅台,14:07:21,1432.53,400,1432.95,D
sh600519,贵州茅台,14:08:00,1432.56,200,1432.57,D
sh600519,贵州茅台,14:08:06,1432.56,600,1432.56,U
sh600519,贵州茅台,14:08:09,1432.56,200,1432.56,D
sh600519,贵州茅台,14:08:15,1432.56,200,1432.53,D
sh600519,贵州茅台,14:08:18,1432.88,300,1432.56,U
sh600519,贵州茅台,14:08:24,1432.6,300,1432.88,D
sh600519,贵州茅台,14:08:48,1432.88,200,1432.88,U
sh600519,贵州茅台,14:09:09,1432.92,400,1432.88,U
sh600519,贵州茅台,14:09:12,1432.92,200,1432.92,D
sh600519,贵州茅台,14:09:24,1432.95,200,1432.95,U
