symbol,name,ticktime,price,volume,prev_price,kind
sh600519,贵州茅台,09:25:00,1443.02,30183,0.0,D
sh600519,贵州茅台,09:30:01,1443.03,300,1443.02,U
sh600519,贵州茅台,09:30:04,1443.0,5717,1443.03,D
sh600519,贵州茅台,09:30:06,1443.02,4200,1443.0,U
sh600519,贵州茅台,09:30:10,1442.0,1900,1443.02,D
sh600519,贵州茅台,09:30:13,1441.14,3700,1442.0,D
sh600519,贵州茅台,09:30:16,1440.01,2900,1441.14,D
sh600519,贵州茅台,09:30:19,1440.0,1900,1440.01,D
sh600519,贵州茅台,09:30:22,1440.14,4200,1440.0,U
sh600519,贵州茅台,09:30:25,1440.1,4900,1440.14,E
sh600519,贵州茅台,09:30:28,1440.01,3200,1440.1,D
sh600519,贵州茅台,09:30:31,1438.07,1000,1440.01,E
sh600519,贵州茅台,09:30:34,1438.07,2900,1438.07,D
sh600519,贵州茅台,09:30:37,1440.0,2400,1438.07,U
sh600519,贵州茅台,09:30:40,1435.01,5200,1440.0,D
sh600519,贵州茅台,09:30:43,1438.04,3300,1435.01,D
sh600519,贵州茅台,09:30:46,1435.0,1700,1438.04,D
sh600519,贵州茅台,09:30:49,1437.0,1600,1435.0,E
sh600519,贵州茅台,09:30:52,1437.0,3694,1437.0,U
sh600519,贵州茅台,09:30:55,1438.06,4800,1437.0,U
sh600519,贵州茅台,09:30:58,1439.99,3800,1438.06,U
sh600519,贵州茅台,09:31:01,1440.13,4500,1439.99,U
sh600519,贵州茅台,09:31:04,1440.07,2000,1440.13,D
sh600519,贵州茅台,09:31:07,1440.98,3400,1440.07,U
sh600519,贵州茅台,09:31:10,1440.98,2200,1440.98,U
sh600519,贵州茅台,09:31:13,1440.98,3300,1440.98,D
sh600519,贵州茅台,09:31:16,1440.99,4400,1440.98,U
sh600519,贵州茅台,09:31:19,1441.22,2500,1440.99,U
sh600519,贵州茅台,09:31:22,1443.79,19883,1441.22,U
sh600519,贵州茅台,09:31:25,1443.76,9700,1443.79,D
sh600519,贵州茅台,09:31:28,1444.87,1200,1443.76,U
sh600519,贵州茅台,09:31:31,1444.87,800,1444.87,U
sh600519,贵州茅台,09:31:34,1443.81,3500,1444.87,E
sh600519,贵州茅台,09:31:37,1444.83,1300,1443.81,U
sh600519,贵州茅台,09:31:40,1444.88,1400,1444.83,U
sh600519,贵州茅台,09:31:43,1445.0,4600,1444.88,U
sh600519,贵州茅台,09:31:46,1445.0,3500,1445.0,U
sh600519,贵州茅台,09:31:49,1445.0,1700,1445.0,U
sh600519,贵州茅台,09:31:52,1444.98,2100,1445.0,D
sh600519,贵州茅台,09:31:55,1444.99,2100,1444.98,U
sh600519,贵州茅台,09:31:58,1443.26,2600,1444.99,D
sh600519,贵州茅台,09:32:01,1444.89,1000,1443.26,E
sh600519,贵州茅台,09:32:04,1444.9,400,1444.89,U
sh600519,贵州茅台,09:32:07,1443.77,1600,1444.9,D
sh600519,贵州茅台,09:32:10,1443.82,700,1443.77,D
sh600519,贵州茅台,09:32:13,1443.77,2000,1443.82,D
sh600519,贵州茅台,09:32:16,1445.0,6400,1443.77,U
sh600519,贵州茅台,09:32:19,1443.93,1500,1445.0,E
sh600519,贵州茅台,09:32:22,1443.67,400,1443.93,D
sh600519,贵州茅台,09:32:25,1443.67,700,1443.67,D
sh600519,贵州茅台,09:32:28,1443.05,1000,1443.67,E
sh600519,贵州茅台,09:32:31,1443.83,1800,1443.05,U
sh600519,贵州茅台,09:32:34,1443.04,1200,1443.83,E
sh600519,贵州茅台,09:32:37,1443.05,800,1443.04,E
sh600519,贵州茅台,09:32:40,1443.04,400,1443.05,D
sh600519,贵州茅台,09:32:43,1443.83,4000,1443.04,U
sh600519,贵州茅台,09:32:46,1444.99,2700,1443.83,U
sh600519,贵州茅台,09:32:49,1445.69,5700,1444.99,U
sh600519,贵州茅台,09:32:52,1445.74,2200,1445.69,U
sh600519,贵州茅台,09:32:55,1445.74,1000,1445.74,E
sh600519,贵州茅台,09:32:58,1446.0,2100,1445.74,U
sh600519,贵州茅台,09:33:01,1446.0,1900,1446.0,U
sh600519,贵州茅台,09:33:04,1447.05,2200,1446.0,U
sh600519,贵州茅台,09:33:07,1447.77,1200,1447.05,U
sh600519,贵州茅台,09:33:10,1448.0,900,1447.77,U
sh600519,贵州茅台,09:33:13,1448.0,1300,1448.0,U
sh600519,贵州茅台,09:33:16,1448.0,2600,1448.0,U
sh600519,贵州茅台,09:33:19,1448.0,2100,1448.0,U
sh600519,贵州茅台,09:33:22,1448.01,1800,1448.0,U
sh600519,贵州茅台,09:33:25,1448.0,1900,1448.01,D
sh600519,贵州茅台,09:33:28,1448.0,3900,1448.0,D
sh600519,贵州茅台,09:33:31,1448.01,700,1448.0,E
sh600519,贵州茅台,09:33:34,1447.99,6200,1448.01,D
sh600519,贵州茅台,09:33:37,1448.63,2200,1447.99,U
sh600519,贵州茅台,09:33:40,1448.0,1700,1448.63,D
sh600519,贵州茅台,09:33:43,1448.63,500,1448.0,E
sh600519,贵州茅台,09:33:46,1448.63,600,1448.63,U
sh600519,贵州茅台,09:33:49,1448.62,1500,1448.63,E
sh600519,贵州茅台,09:33:52,1448.63,700,1448.62,E
sh600519,贵州茅台,09:33:55,1448.5,1300,1448.63,D
sh600519,贵州茅台,09:33:58,1448.59,500,1448.5,U
sh600519,贵州茅台,09:34:01,1448.01,1000,1448.59,D
sh600519,贵州茅台,09:34:04,1448.62,1700,1448.01,U
sh600519,贵州茅台,09:34:07,1447.99,5500,1448.62,D
sh600519,贵州茅台,09:34:10,1448.2,1500,1447.99,D
sh600519,贵州茅台,09:34:13,1448.01,2500,1448.2,D
sh600519,贵州茅台,09:34:16,1448.0,3400,1448.01,D
sh600519,贵州茅台,09:34:19,1447.99,2700,1448.0,D
sh600519,贵州茅台,09:34:22,1447.05,1600,1447.99,D
sh600519,贵州茅台,09:34:25,1445.03,2500,1447.05,D
sh600519,贵州茅台,09:34:28,1446.71,1000,1445.03,E
sh600519,贵州茅台,09:34:31,1447.0,2900,1446.71,U
sh600519,贵州茅台,09:34:34,1447.91,900,1447.0,E
sh600519,贵州茅台,09:34:37,1447.0,700,1447.91,E
sh600519,贵州茅台,09:34:40,1447.09,1700,1447.0,E
sh600519,贵州茅台,09:34:43,1448.58,8600,1447.09,U
sh600519,贵州茅台,09:34:46,1448.58,2700,1448.58,D
sh600519,贵州茅台,09:34:49,1448.59,1200,1448.58,U
sh600519,贵州茅台,09:34:52,1448.59,2100,1448.59,E
sh600519,贵州茅台,09:34:55,1448.51,2200,1448.59,D
sh600519,贵州茅台,09:34:58,1448.0,4100,1448.51,D
sh600519,贵州茅台,09:35:01,1448.98,4100,1448.0,U
sh600519,贵州茅台,09:35:04,1449.23,4500,1448.98,U
sh600519,贵州茅台,09:35:07,1449.22,2100,1449.23,E
sh600519,贵州茅台,09:35:10,1449.52,1400,1449.22,U
sh600519,贵州茅台,09:35:13,1449.23,400,1449.52,D
sh600519,贵州茅台,09:35:16,1448.5,7400,1449.23,D
sh600519,贵州茅台,09:35:19,1448.51,1200,1448.5,U
sh600519,贵州茅台,09:35:22,1448.34,1500,1448.51,U
sh600519,贵州茅台,09:35:25,1447.68,2200,1448.34,D
sh600519,贵州茅台,09:35:28,1447.59,300,1447.68,U
sh600519,贵州茅台,09:35:31,1448.0,1100,1447.59,U
sh600519,贵州茅台,09:35:34,1447.58,1400,1448.0,D
sh600519,贵州茅台,09:35:37,1447.59,800,1447.58,E
sh600519,贵州茅台,09:35:40,1447.59,1000,1447.59,U
sh600519,贵州茅台,09:35:43,1447.53,3000,1447.59,D
sh600519,贵州茅台,09:35:46,1447.59,1100,1447.53,U
sh600519,贵州茅台,09:35:49,1447.59,2000,1447.59,D
sh600519,贵州茅台,09:35:52,1447.55,1200,1447.59,D
sh600519,贵州茅台,09:35:55,1447.55,1900,1447.55,D
sh600519,贵州茅台,09:35:58,1447.0,1500,1447.55,D
sh600519,贵州茅台,09:36:01,1447.59,1800,1447.0,U
sh600519,贵州茅台,09:36:04,1448.01,2300,1447.59,U
sh600519,贵州茅台,09:36:07,1448.52,2600,1448.01,U
sh600519,贵州茅台,09:36:10,1448.63,2800,1448.52,E
sh600519,贵州茅台,09:36:13,1449.1,2300,1448.63,U
sh600519,贵州茅台,09:36:16,1449.0,2300,1449.1,D
sh600519,贵州茅台,09:36:19,1449.0,3700,1449.0,D
sh600519,贵州茅台,09:36:22,1449.0,2800,1449.0,D
sh600519,贵州茅台,09:36:25,1449.01,3700,1449.0,U
sh600519,贵州茅台,09:36:28,1449.0,1900,1449.01,D
sh600519,贵州茅台,09:36:31,1447.7,1700,1449.0,D
sh600519,贵州茅台,09:36:34,1448.77,1100,1447.7,E
sh600519,贵州茅台,09:36:37,1448.82,1500,1448.77,E
sh600519,贵州茅台,09:36:40,1448.36,800,1448.82,E
sh600519,贵州茅台,09:36:43,1448.36,900,1448.36,U
sh600519,贵州茅台,09:36:46,1448.0,800,1448.36,D
sh600519,贵州茅台,09:36:49,1448.0,600,1448.0,U
sh600519,贵州茅台,09:36:52,1448.0,500,1448.0,U
sh600519,贵州茅台,09:36:55,1448.0,2000,1448.0,E
sh600519,贵州茅台,09:36:58,1448.0,1300,1448.0,D
sh600519,贵州茅台,09:37:01,1448.35,1600,1448.0,U
sh600519,贵州茅台,09:37:04,1448.38,1200,1448.35,U
sh600519,贵州茅台,09:37:07,1448.37,1400,1448.38,D
sh600519,贵州茅台,09:37:10,1448.36,2100,1448.37,U
sh600519,贵州茅台,09:37:13,1447.99,1400,1448.36,D
sh600519,贵州茅台,09:37:16,1447.81,1800,1447.99,D
sh600519,贵州茅台,09:37:19,1447.53,2000,1447.81,D
sh600519,贵州茅台,09:37:22,1447.0,600,1447.53,D
sh600519,贵州茅台,09:37:25,1447.34,1200,1447.0,E
sh600519,贵州茅台,09:37:28,1447.53,900,1447.34,U
sh600519,贵州茅台,09:37:31,1446.0,1300,1447.53,D
sh600519,贵州茅台,09:37:34,1447.0,1100,1446.0,U
sh600519,贵州茅台,09:37:37,1447.65,500,1447.0,U
sh600519,贵州茅台,09:37:40,1446.71,1400,1447.65,D
sh600519,贵州茅台,09:37:43,1446.71,800,1446.71,U
sh600519,贵州茅台,09:37:46,1447.65,600,1446.71,U
sh600519,贵州茅台,09:37:49,1446.75,700,1447.65,D
sh600519,贵州茅台,09:37:52,1447.02,700,1446.75,U
sh600519,贵州茅台,09:37:55,1447.02,1400,1447.02,D
sh600519,贵州茅台,09:37:58,1447.83,700,1447.02,U
sh600519,贵州茅台,09:38:01,1447.83,900,1447.83,D
sh600519,贵州茅台,09:38:04,1447.83,900,1447.83,D
sh600519,贵州茅台,09:38:07,1447.83,600,1447.83,E
sh600519,贵州茅台,09:38:10,1447.67,600,1447.83,D
sh600519,贵州茅台,09:38:13,1447.89,6429,1447.67,U
sh600519,贵州茅台,09:38:16,1449.11,10500,1447.89,U
sh600519,贵州茅台,09:38:19,1449.97,5000,1449.11,U
sh600519,贵州茅台,09:38:22,1449.37,1500,1449.97,E
sh600519,贵州茅台,09:38:25,1449.0,400,1449.37,E
sh600519,贵州茅台,09:38:28,1449.25,1400,1449.0,U
sh600519,贵州茅台,09:38:31,1449.39,400,1449.25,D
sh600519,贵州茅台,09:38:34,1449.0,400,1449.39,D
sh600519,贵州茅台,09:38:37,1449.0,900,1449.0,D
sh600519,贵州茅台,09:38:40,1449.04,800,1449.0,E
sh600519,贵州茅台,09:38:43,1449.39,1200,1449.04,U
sh600519,贵州茅台,09:38:46,1449.5,500,1449.39,U
sh600519,贵州茅台,09:38:49,1449.04,1100,1449.5,D
sh600519,贵州茅台,09:38:52,1449.5,1000,1449.04,U
sh600519,贵州茅台,09:38:55,1449.96,1300,1449.5,U
sh600519,贵州茅台,09:38:58,1449.8,800,1449.96,E
sh600519,贵州茅台,09:39:01,1449.8,500,1449.8,E
sh600519,贵州茅台,09:39:04,1450.0,16200,1449.8,U
sh600519,贵州茅台,09:39:07,1450.02,2700,1450.0,U
sh600519,贵州茅台,09:39:10,1450.02,890,1450.02,D
sh600519,贵州茅台,09:39:13,1450.02,2800,1450.02,D
sh600519,贵州茅台,09:39:16,1450.6,900,1450.02,E
sh600519,贵州茅台,09:39:19,1450.82,1300,1450.6,U
sh600519,贵州茅台,09:39:22,1450.82,500,1450.82,D
sh600519,贵州茅台,09:39:25,1450.88,1400,1450.82,E
sh600519,贵州茅台,09:39:28,1450.82,1100,1450.88,D
sh600519,贵州茅台,09:39:31,1451.0,3700,1450.82,U
sh600519,贵州茅台,09:39:34,1451.01,1000,1451.0,D
sh600519,贵州茅台,09:39:37,1451.01,600,1451.01,D
sh600519,贵州茅台,09:39:40,1451.0,900,1451.01,D
sh600519,贵州茅台,09:39:43,1451.05,1500,1451.0,D
sh600519,贵州茅台,09:39:46,1451.87,300,1451.05,U
sh600519,贵州茅台,09:39:49,1451.87,900,1451.87,U
sh600519,贵州茅台,09:39:52,1451.86,2500,1451.87,U
sh600519,贵州茅台,09:39:55,1451.5,1100,1451.86,E
sh600519,贵州茅台,09:39:58,1451.01,3100,1451.5,D
sh600519,贵州茅台,09:40:01,1451.0,600,1451.01,E
sh600519,贵州茅台,09:40:04,1451.51,3300,1451.0,U
sh600519,贵州茅台,09:40:07,1451.51,4000,1451.51,D
sh600519,贵州茅台,09:40:10,1451.52,1900,1451.51,D
sh600519,贵州茅台,09:40:13,1451.49,1300,1451.52,E
sh600519,贵州茅台,09:40:16,1451.84,1300,1451.49,U
sh600519,贵州茅台,09:40:19,1451.52,1500,1451.84,E
sh600519,贵州茅台,09:40:22,1451.5,700,1451.52,D
sh600519,贵州茅台,09:40:25,1451.02,1900,1451.5,D
sh600519,贵州茅台,09:40:28,1451.5,2200,1451.02,E
sh600519,贵州茅台,09:40:31,1451.02,800,1451.5,D
sh600519,贵州茅台,09:40:34,1450.86,3500,1451.02,D
sh600519,贵州茅台,09:40:37,1450.19,700,1450.86,E
sh600519,贵州茅台,09:40:40,1450.96,1000,1450.19,U
sh600519,贵州茅台,09:40:43,1450.2,3400,1450.96,D
sh600519,贵州茅台,09:40:46,1450.0,1500,1450.2,D
sh600519,贵州茅台,09:40:49,1450.0,2300,1450.0,D
sh600519,贵州茅台,09:40:52,1449.94,6610,1450.0,D
sh600519,贵州茅台,09:40:55,1449.5,1200,1449.94,D
sh600519,贵州茅台,09:40:58,1449.45,3500,1449.5,D
sh600519,贵州茅台,09:41:01,1449.5,5100,1449.45,E
sh600519,贵州茅台,09:41:04,1451.01,5400,1449.5,U
sh600519,贵州茅台,09:41:07,1451.86,5800,1451.01,U
sh600519,贵州茅台,09:41:10,1451.0,1600,1451.86,D
sh600519,贵州茅台,09:41:13,1451.86,2100,1451.0,E
sh600519,贵州茅台,09:41:16,1451.45,4500,1451.86,D
sh600519,贵州茅台,09:41:19,1451.08,10300,1451.45,D
sh600519,贵州茅台,09:41:22,1452.03,4670,1451.08,U
sh600519,贵州茅台,09:41:25,1451.12,1800,1452.03,D
sh600519,贵州茅台,09:41:28,1451.18,2300,1451.12,U
sh600519,贵州茅台,09:41:31,1451.86,1800,1451.18,E
sh600519,贵州茅台,09:41:34,1452.0,1300,1451.86,U
sh600519,贵州茅台,09:41:37,1452.5,800,1452.0,U
sh600519,贵州茅台,09:41:40,1452.0,700,1452.5,D
sh600519,贵州茅台,09:41:43,1452.08,2000,1452.0,U
sh600519,贵州茅台,09:41:46,1452.08,1900,1452.08,U
sh600519,贵州茅台,09:41:49,1452.0,1600,1452.08,D
sh600519,贵州茅台,09:41:52,1452.5,1400,1452.0,U
sh600519,贵州茅台,09:41:55,1452.63,2400,1452.5,E
sh600519,贵州茅台,09:41:58,1452.8,1100,1452.63,U
sh600519,贵州茅台,09:42:01,1452.87,1200,1452.8,U
sh600519,贵州茅台,09:42:04,1452.12,4500,1452.87,D
sh600519,贵州茅台,09:42:07,1452.24,1800,1452.12,E
sh600519,贵州茅台,09:42:10,1453.05,4510,1452.24,U
sh600519,贵州茅台,09:42:13,1452.14,2800,1453.05,D
sh600519,贵州茅台,09:42:16,1452.7,700,1452.14,E
sh600519,贵州茅台,09:42:19,1452.32,1500,1452.7,E
sh600519,贵州茅台,09:42:22,1453.0,1200,1452.32,U
sh600519,贵州茅台,09:42:25,1453.02,1400,1453.0,E
sh600519,贵州茅台,09:42:28,1453.18,300,1453.02,E
sh600519,贵州茅台,09:42:31,1453.21,900,1453.18,E
sh600519,贵州茅台,09:42:34,1453.04,500,1453.21,E
sh600519,贵州茅台,09:42:37,1452.85,4700,1453.04,D
sh600519,贵州茅台,09:42:40,1452.79,1700,1452.85,D
sh600519,贵州茅台,09:42:43,1452.13,3500,1452.79,D
sh600519,贵州茅台,09:42:46,1451.77,3700,1452.13,D
sh600519,贵州茅台,09:42:49,1451.5,1700,1451.77,D
sh600519,贵州茅台,09:42:52,1451.5,1500,1451.5,D
sh600519,贵州茅台,09:42:55,1451.47,2500,1451.5,D
sh600519,贵州茅台,09:42:58,1452.1,1600,1451.47,U
sh600519,贵州茅台,09:43:01,1452.1,800,1452.1,E
sh600519,贵州茅台,09:43:04,1452.79,1500,1452.1,U
sh600519,贵州茅台,09:43:07,1453.03,2800,1452.79,U
sh600519,贵州茅台,09:43:10,1453.08,1400,1453.03,U
sh600519,贵州茅台,09:43:13,1452.86,1300,1453.08,D
sh600519,贵州茅台,09:43:16,1454.06,13200,1452.86,U
sh600519,贵州茅台,09:43:19,1454.01,5700,1454.06,D
sh600519,贵州茅台,09:43:22,1454.38,1200,1454.01,U
sh600519,贵州茅台,09:43:25,1454.0,3400,1454.38,D
sh600519,贵州茅台,09:43:28,1454.05,2400,1454.0,U
sh600519,贵州茅台,09:43:31,1454.38,1000,1454.05,E
sh600519,贵州茅台,09:43:34,1454.38,1000,1454.38,D
sh600519,贵州茅台,09:43:37,1454.77,1000,1454.38,U
sh600519,贵州茅台,09:43:40,1454.8,1500,1454.77,U
sh600519,贵州茅台,09:43:43,1454.8,1800,1454.8,D
sh600519,贵州茅台,09:43:46,1454.89,1400,1454.8,U
sh600519,贵州茅台,09:43:49,1454.88,2100,1454.89,D
sh600519,贵州茅台,09:43:52,1454.99,1400,1454.88,U
sh600519,贵州茅台,09:43:55,1454.9,1700,1454.99,E
sh600519,贵州茅台,09:43:58,1454.99,1300,1454.9,E
sh600519,贵州茅台,09:44:01,1454.9,1300,1454.99,D
sh600519,贵州茅台,09:44:04,1455.0,2100,1454.9,U
sh600519,贵州茅台,09:44:07,1454.8,5500,1455.0,D
sh600519,贵州茅台,09:44:10,1454.91,1600,1454.8,U
sh600519,贵州茅台,09:44:13,1454.8,1400,1454.91,D
sh600519,贵州茅台,09:44:16,1454.8,1600,1454.8,U
sh600519,贵州茅台,09:44:19,1454.99,2700,1454.8,U
sh600519,贵州茅台,09:44:22,1454.99,1500,1454.99,U
sh600519,贵州茅台,09:44:25,1454.81,3400,1454.99,D
sh600519,贵州茅台,09:44:28,1454.86,1400,1454.81,E
sh600519,贵州茅台,09:44:31,1454.99,2000,1454.86,U
sh600519,贵州茅台,09:44:34,1454.98,1100,1454.99,E
sh600519,贵州茅台,09:44:37,1454.89,3500,1454.98,D
sh600519,贵州茅台,09:44:40,1454.86,3600,1454.89,D
sh600519,贵州茅台,09:44:43,1453.83,7400,1454.86,D
sh600519,贵州茅台,09:44:46,1453.89,3200,1453.83,U
sh600519,贵州茅台,09:44:49,1453.89,2700,1453.89,D
sh600519,贵州茅台,09:44:52,1453.89,4600,1453.89,D
sh600519,贵州茅台,09:44:55,1454.57,2900,1453.89,U
sh600519,贵州茅台,09:44:58,1454.05,500,1454.57,U
sh600519,贵州茅台,09:45:01,1454.05,700,1454.05,D
sh600519,贵州茅台,09:45:04,1453.22,4400,1454.05,D
sh600519,贵州茅台,09:45:07,1453.88,4500,1453.22,U
sh600519,贵州茅台,09:45:10,1454.05,900,1453.88,U
sh600519,贵州茅台,09:45:13,1454.86,3200,1454.05,U
sh600519,贵州茅台,09:45:16,1455.1,11820,1454.86,U
sh600519,贵州茅台,09:45:19,1455.2,2400,1455.1,U
sh600519,贵州茅台,09:45:22,1455.25,1000,1455.2,U
sh600519,贵州茅台,09:45:25,1455.5,1300,1455.25,U
sh600519,贵州茅台,09:45:28,1455.25,700,1455.5,D
sh600519,贵州茅台,09:45:31,1455.37,1900,1455.25,D
sh600519,贵州茅台,09:45:34,1455.5,1000,1455.37,U
sh600519,贵州茅台,09:45:37,1455.64,2200,1455.5,U
sh600519,贵州茅台,09:45:40,1455.78,800,1455.64,U
sh600519,贵州茅台,09:45:43,1456.34,8300,1455.78,U
sh600519,贵州茅台,09:45:46,1456.65,1300,1456.34,U
sh600519,贵州茅台,09:45:49,1456.82,500,1456.65,U
sh600519,贵州茅台,09:45:52,1456.93,1200,1456.82,U
sh600519,贵州茅台,09:45:55,1456.97,2900,1456.93,U
sh600519,贵州茅台,09:45:58,1457.15,1500,1456.97,U
sh600519,贵州茅台,09:46:01,1457.57,2600,1457.15,U
sh600519,贵州茅台,09:46:04,1458.0,2800,1457.57,U
sh600519,贵州茅台,09:46:07,1458.34,10700,1458.0,U
sh600519,贵州茅台,09:46:10,1458.42,800,1458.34,U
sh600519,贵州茅台,09:46:13,1458.42,5400,1458.42,D
sh600519,贵州茅台,09:46:16,1458.64,3600,1458.42,U
sh600519,贵州茅台,09:46:19,1458.73,2700,1458.64,U
sh600519,贵州茅台,09:46:22,1458.68,3700,1458.73,D
sh600519,贵州茅台,09:46:25,1458.0,2300,1458.68,D
sh600519,贵州茅台,09:46:28,1458.23,4700,1458.0,D
sh600519,贵州茅台,09:46:31,1457.5,2100,1458.23,D
sh600519,贵州茅台,09:46:34,1457.5,900,1457.5,U
sh600519,贵州茅台,09:46:37,1456.98,4800,1457.5,D
sh600519,贵州茅台,09:46:40,1456.0,2200,1456.98,D
sh600519,贵州茅台,09:46:43,1457.44,2000,1456.0,E
sh600519,贵州茅台,09:46:46,1457.15,1000,1457.44,D
sh600519,贵州茅台,09:46:49,1457.0,300,1457.15,E
sh600519,贵州茅台,09:46:52,1457.2,3000,1457.0,U
sh600519,贵州茅台,09:46:55,1457.19,2300,1457.2,E
sh600519,贵州茅台,09:46:58,1457.34,900,1457.19,D
sh600519,贵州茅台,09:47:01,1457.34,3900,1457.34,D
sh600519,贵州茅台,09:47:04,1456.1,5900,1457.34,D
sh600519,贵州茅台,09:47:07,1455.55,2300,1456.1,D
sh600519,贵州茅台,09:47:10,1456.29,4200,1455.55,U
sh600519,贵州茅台,09:47:13,1456.77,2300,1456.29,U
sh600519,贵州茅台,09:47:16,1456.79,1300,1456.77,D
sh600519,贵州茅台,09:47:19,1456.3,10400,1456.79,D
sh600519,贵州茅台,09:47:22,1457.0,5500,1456.3,U
sh600519,贵州茅台,09:47:25,1456.93,2700,1457.0,D
sh600519,贵州茅台,09:47:28,1456.51,1000,1456.93,U
sh600519,贵州茅台,09:47:31,1456.0,1100,1456.51,D
sh600519,贵州茅台,09:47:34,1455.95,600,1456.0,D
sh600519,贵州茅台,09:47:37,1455.48,1800,1455.95,D
sh600519,贵州茅台,09:47:40,1455.21,5000,1455.48,D
sh600519,贵州茅台,09:47:43,1455.44,7800,1455.21,U
sh600519,贵州茅台,09:47:46,1454.2,600,1455.44,E
sh600519,贵州茅台,09:47:49,1455.19,2000,1454.2,U
sh600519,贵州茅台,09:47:52,1453.9,600,1455.19,D
sh600519,贵州茅台,09:47:55,1453.64,600,1453.9,D
sh600519,贵州茅台,09:47:58,1453.0,900,1453.64,D
sh600519,贵州茅台,09:48:01,1452.08,1900,1453.0,D
sh600519,贵州茅台,09:48:04,1452.08,1000,1452.08,U
sh600519,贵州茅台,09:48:07,1452.0,1700,1452.08,D
sh600519,贵州茅台,09:48:10,1452.0,600,1452.0,U
sh600519,贵州茅台,09:48:13,1451.57,2000,1452.0,E
sh600519,贵州茅台,09:48:16,1451.57,1200,1451.57,E
sh600519,贵州茅台,09:48:19,1451.56,2000,1451.57,D
sh600519,贵州茅台,09:48:22,1451.56,1300,1451.56,U
sh600519,贵州茅台,09:48:25,1451.57,1300,1451.56,U
sh600519,贵州茅台,09:48:28,1451.56,600,1451.57,U
sh600519,贵州茅台,09:48:31,1451.56,1700,1451.56,E
sh600519,贵州茅台,09:48:34,1451.12,1700,1451.56,D
sh600519,贵州茅台,09:48:37,1451.13,1000,1451.12,D
sh600519,贵州茅台,09:48:40,1451.13,2000,1451.13,U
sh600519,贵州茅台,09:48:43,1451.0,2000,1451.13,D
sh600519,贵州茅台,09:48:46,1451.0,400,1451.0,D
sh600519,贵州茅台,09:48:49,1450.01,1400,1451.0,D
sh600519,贵州茅台,09:48:52,1450.92,400,1450.01,E
sh600519,贵州茅台,09:48:55,1450.01,400,1450.92,D
sh600519,贵州茅台,09:48:58,1450.86,300,1450.01,E
sh600519,贵州茅台,09:49:01,1450.91,1300,1450.86,U
sh600519,贵州茅台,09:49:04,1450.01,1300,1450.91,E
sh600519,贵州茅台,09:49:07,1450.0,1700,1450.01,D
sh600519,贵州茅台,09:49:10,1450.0,1900,1450.0,D
sh600519,贵州茅台,09:49:13,1449.47,5900,1450.0,D
sh600519,贵州茅台,09:49:16,1449.52,3700,1449.47,U
sh600519,贵州茅台,09:49:19,1449.54,900,1449.52,U
sh600519,贵州茅台,09:49:22,1449.01,1500,1449.54,D
sh600519,贵州茅台,09:49:25,1449.6,1000,1449.01,E
sh600519,贵州茅台,09:49:28,1449.59,800,1449.6,E
sh600519,贵州茅台,09:49:31,1449.59,1000,1449.59,D
sh600519,贵州茅台,09:49:34,1449.8,800,1449.59,U
sh600519,贵州茅台,09:49:37,1449.95,1200,1449.8,U
sh600519,贵州茅台,09:49:40,1449.59,2500,1449.95,E
sh600519,贵州茅台,09:49:43,1449.61,1200,1449.59,U
sh600519,贵州茅台,09:49:46,1450.01,700,1449.61,U
sh600519,贵州茅台,09:49:49,1450.0,600,1450.01,D
sh600519,贵州茅台,09:49:52,1450.01,400,1450.0,E
sh600519,贵州茅台,09:49:55,1450.01,1100,1450.01,D
sh600519,贵州茅台,09:49:58,1450.83,1300,1450.01,E
sh600519,贵州茅台,09:50:01,1450.83,1100,1450.83,D
sh600519,贵州茅台,09:50:04,1451.0,1000,1450.83,U
sh600519,贵州茅台,09:50:07,1450.83,1000,1451.0,U
sh600519,贵州茅台,09:50:10,1449.19,5400,1450.83,D
sh600519,贵州茅台,09:50:13,1449.96,1600,1449.19,U
sh600519,贵州茅台,09:50:16,1450.0,400,1449.96,U
sh600519,贵州茅台,09:50:19,1450.01,500,1450.0,U
sh600519,贵州茅台,09:50:25,1450.01,900,1450.08,E
sh600519,贵州茅台,09:50:28,1450.81,700,1450.01,E
sh600519,贵州茅台,09:50:31,1451.0,1500,1450.81,U
sh600519,贵州茅台,09:50:34,1450.09,1121,1451.0,D
sh600519,贵州茅台,09:50:37,1451.13,2000,1450.09,U
sh600519,贵州茅台,09:50:40,1451.17,3400,1451.13,U
sh600519,贵州茅台,09:50:43,1451.14,700,1451.17,D
sh600519,贵州茅台,09:50:46,1451.13,300,1451.14,D
sh600519,贵州茅台,09:50:49,1452.0,800,1451.13,U
sh600519,贵州茅台,09:50:52,1451.51,400,1452.0,D
sh600519,贵州茅台,09:50:55,1452.0,500,1451.51,U
sh600519,贵州茅台,09:50:58,1451.99,300,1452.0,E
sh600519,贵州茅台,09:51:01,1451.99,1300,1451.99,D
sh600519,贵州茅台,09:51:04,1451.99,1600,1451.99,D
sh600519,贵州茅台,09:51:07,1451.99,1400,1451.99,U
sh600519,贵州茅台,09:51:10,1451.15,1500,1451.99,D
sh600519,贵州茅台,09:51:13,1451.15,200,1451.15,D
sh600519,贵州茅台,09:51:16,1451.51,200,1451.15,E
sh600519,贵州茅台,09:51:19,1451.13,700,1451.51,D
sh600519,贵州茅台,09:51:22,1451.99,1600,1451.13,U
sh600519,贵州茅台,09:51:25,1451.9,700,1451.99,D
sh600519,贵州茅台,09:51:28,1451.8,300,1451.9,D
sh600519,贵州茅台,09:51:31,1451.8,500,1451.8,D
sh600519,贵州茅台,09:51:34,1451.89,300,1451.8,U
sh600519,贵州茅台,09:51:37,1451.0,2400,1451.89,D
sh600519,贵州茅台,09:51:40,1451.3,1700,1451.0,U
sh600519,贵州茅台,09:51:43,1451.8,200,1451.3,U
sh600519,贵州茅台,09:51:46,1451.66,400,1451.8,U
sh600519,贵州茅台,09:51:49,1451.78,400,1451.66,U
sh600519,贵州茅台,09:51:52,1451.3,700,1451.78,D
sh600519,贵州茅台,09:51:58,1451.0,400,1451.3,D
sh600519,贵州茅台,09:52:01,1450.82,1400,1451.0,D
sh600519,贵州茅台,09:52:04,1451.77,1300,1450.82,U
sh600519,贵州茅台,09:52:07,1451.46,800,1451.77,U
sh600519,贵州茅台,09:52:10,1451.45,300,1451.46,D
sh600519,贵州茅台,09:52:13,1451.34,200,1451.45,D
sh600519,贵州茅台,09:52:16,1451.34,500,1451.34,D
sh600519,贵州茅台,09:52:19,1451.33,700,1451.34,D
sh600519,贵州茅台,09:52:22,1451.3,900,1451.33,D
sh600519,贵州茅台,09:52:25,1451.0,1600,1451.3,D
sh600519,贵州茅台,09:52:28,1451.11,900,1451.0,U
sh600519,贵州茅台,09:52:31,1451.26,200,1451.11,U
sh600519,贵州茅台,09:52:34,1450.83,300,1451.26,D
sh600519,贵州茅台,09:52:40,1451.33,400,1450.83,U
sh600519,贵州茅台,09:52:43,1451.25,400,1451.33,D
sh600519,贵州茅台,09:52:46,1451.46,400,1451.25,U
sh600519,贵州茅台,09:52:49,1451.42,800,1451.46,D
sh600519,贵州茅台,09:52:58,1451.42,200,1451.75,D
sh600519,贵州茅台,09:53:01,1451.42,300,1451.42,D
sh600519,贵州茅台,09:53:04,1451.43,700,1451.42,E
sh600519,贵州茅台,09:53:07,1451.91,600,1451.43,U
sh600519,贵州茅台,09:53:10,1451.88,200,1451.91,U
sh600519,贵州茅台,09:53:19,1451.88,600,1451.88,D
sh600519,贵州茅台,09:53:22,1451.91,200,1451.88,U
sh600519,贵州茅台,09:53:25,1451.91,500,1451.91,U
sh600519,贵州茅台,09:53:28,1451.91,200,1451.91,U
sh600519,贵州茅台,09:53:31,1451.98,300,1451.91,U
sh600519,贵州茅台,09:53:34,1452.11,5123,1451.98,U
sh600519,贵州茅台,09:53:37,1452.2,500,1452.11,U
sh600519,贵州茅台,09:53:43,1452.45,200,1452.2,U
sh600519,贵州茅台,09:53:46,1452.98,300,1452.45,U
sh600519,贵州茅台,09:53:49,1452.45,1400,1452.98,D
sh600519,贵州茅台,09:53:55,1452.45,800,1452.45,U
sh600519,贵州茅台,09:53:58,1453.0,200,1452.45,D
sh600519,贵州茅台,09:54:01,1452.79,500,1453.0,D
sh600519,贵州茅台,09:54:04,1453.22,1400,1452.79,U
sh600519,贵州茅台,09:54:07,1453.69,1100,1453.22,U
sh600519,贵州茅台,09:54:10,1453.85,700,1453.69,E
sh600519,贵州茅台,09:54:13,1453.9,300,1453.85,U
sh600519,贵州茅台,09:54:16,1453.99,400,1453.9,U
sh600519,贵州茅台,09:54:22,1454.0,500,1454.0,D
sh600519,贵州茅台,09:54:28,1454.0,400,1454.0,D
sh600519,贵州茅台,09:54:31,1454.23,500,1454.0,E
sh600519,贵州茅台,09:54:34,1454.94,400,1454.23,E
sh600519,贵州茅台,09:54:37,1454.92,400,1454.94,E
sh600519,贵州茅台,09:54:40,1454.89,500,1454.92,E
sh600519,贵州茅台,09:54:43,1454.91,2500,1454.89,U
sh600519,贵州茅台,09:54:46,1453.69,3100,1454.91,D
sh600519,贵州茅台,09:54:49,1453.03,2100,1453.69,D
sh600519,贵州茅台,09:54:52,1452.54,4000,1453.03,D
sh600519,贵州茅台,09:55:01,1453.65,600,1452.54,U
sh600519,贵州茅台,09:55:04,1453.65,200,1453.65,D
sh600519,贵州茅台,09:55:07,1453.48,400,1453.65,E
sh600519,贵州茅台,09:55:16,1452.54,700,1453.0,D
sh600519,贵州茅台,09:55:22,1453.48,400,1453.3,U
sh600519,贵州茅台,09:55:25,1453.04,1100,1453.48,D
sh600519,贵州茅台,09:55:28,1453.9,600,1453.04,U
sh600519,贵州茅台,09:55:31,1453.72,200,1453.9,D
sh600519,贵州茅台,09:55:34,1454.0,800,1453.72,U
sh600519,贵州茅台,09:55:37,1453.65,600,1454.0,D
sh600519,贵州茅台,09:55:40,1454.09,400,1453.65,U
sh600519,贵州茅台,09:55:46,1454.05,1900,1454.09,D
sh600519,贵州茅台,09:55:49,1454.09,400,1454.05,E
sh600519,贵州茅台,09:55:52,1454.0,1000,1454.09,D
sh600519,贵州茅台,09:55:55,1454.0,500,1454.0,U
sh600519,贵州茅台,09:55:58,1454.0,800,1454.0,U
sh600519,贵州茅台,09:56:01,1454.05,1000,1454.0,U
sh600519,贵州茅台,09:56:04,1453.65,700,1454.05,D
sh600519,贵州茅台,09:56:07,1454.09,1200,1453.65,U
sh600519,贵州茅台,09:56:10,1454.73,900,1454.09,U
sh600519,贵州茅台,09:56:13,1454.22,600,1454.73,D
sh600519,贵州茅台,09:56:16,1454.22,600,1454.22,D
sh600519,贵州茅台,09:56:19,1454.84,500,1454.22,U
sh600519,贵州茅台,09:56:22,1454.8,600,1454.84,D
sh600519,贵州茅台,09:56:25,1454.8,200,1454.8,D
sh600519,贵州茅台,09:56:28,1454.87,200,1454.8,E
sh600519,贵州茅台,09:56:31,1454.82,200,1454.87,D
sh600519,贵州茅台,09:56:34,1454.8,800,1454.82,D
sh600519,贵州茅台,09:56:37,1454.82,500,1454.8,U
sh600519,贵州茅台,09:56:40,1454.79,400,1454.82,E
sh600519,贵州茅台,09:56:43,1453.12,5900,1454.79,D
sh600519,贵州茅台,09:56:46,1453.68,300,1453.12,U
sh600519,贵州茅台,09:56:49,1453.95,800,1453.68,U
sh600519,贵州茅台,09:56:52,1453.95,300,1453.95,U
sh600519,贵州茅台,09:56:55,1454.0,600,1453.95,U
sh600519,贵州茅台,09:56:58,1454.0,200,1454.0,U
sh600519,贵州茅台,09:57:04,1453.64,600,1454.0,D
sh600519,贵州茅台,09:57:07,1453.99,3500,1453.64,U
sh600519,贵州茅台,09:57:13,1453.68,700,1453.68,D
sh600519,贵州茅台,09:57:16,1453.68,200,1453.68,U
sh600519,贵州茅台,09:57:19,1454.0,400,1453.68,U
sh600519,贵州茅台,09:57:22,1453.99,400,1454.0,U
sh600519,贵州茅台,09:57:25,1453.14,1000,1453.99,D
sh600519,贵州茅台,09:57:28,1453.51,5400,1453.14,U
sh600519,贵州茅台,09:57:31,1453.2,800,1453.51,E
sh600519,贵州茅台,09:57:34,1453.2,900,1453.2,D
sh600519,贵州茅台,09:57:37,1453.2,800,1453.2,D
sh600519,贵州茅台,09:57:40,1453.2,900,1453.2,U
sh600519,贵州茅台,09:57:43,1453.2,300,1453.2,D
sh600519,贵州茅台,09:57:46,1453.1,600,1453.2,D
sh600519,贵州茅台,09:57:49,1453.1,200,1453.1,U
sh600519,贵州茅台,09:57:52,1452.66,2300,1453.1,D
sh600519,贵州茅台,09:57:55,1452.66,2000,1452.66,D
sh600519,贵州茅台,09:57:58,1452.67,800,1452.66,U
sh600519,贵州茅台,09:58:01,1452.66,600,1452.67,D
sh600519,贵州茅台,09:58:04,1453.0,1100,1452.66,U
sh600519,贵州茅台,09:58:07,1452.55,400,1453.0,D
sh600519,贵州茅台,09:58:10,1452.66,400,1452.55,E
sh600519,贵州茅台,09:58:13,1452.82,300,1452.66,E
sh600519,贵州茅台,09:58:16,1452.55,200,1452.82,D
sh600519,贵州茅台,09:58:19,1452.54,1200,1452.55,D
sh600519,贵州茅台,09:58:22,1452.01,1100,1452.54,D
sh600519,贵州茅台,09:58:25,1453.0,3800,1452.01,U
sh600519,贵州茅台,09:58:28,1452.54,700,1453.0,E
sh600519,贵州茅台,09:58:31,1452.54,800,1452.54,E
sh600519,贵州茅台,09:58:34,1452.54,300,1452.54,U
sh600519,贵州茅台,09:58:40,1452.37,200,1452.54,E
sh600519,贵州茅台,09:58:46,1452.54,1708,1452.35,U
sh600519,贵州茅台,09:58:49,1452.54,400,1452.54,D
sh600519,贵州茅台,09:58:55,1452.99,200,1452.55,U
sh600519,贵州茅台,09:58:58,1452.58,500,1452.99,D
sh600519,贵州茅台,09:59:01,1453.0,200,1452.58,U
sh600519,贵州茅台,09:59:07,1453.0,1100,1453.0,U
sh600519,贵州茅台,09:59:13,1453.0,300,1453.0,U
sh600519,贵州茅台,09:59:16,1453.0,300,1453.0,U
sh600519,贵州茅台,09:59:22,1452.59,300,1453.0,D
sh600519,贵州茅台,09:59:31,1452.59,400,1452.59,D
sh600519,贵州茅台,09:59:34,1452.59,300,1452.59,D
sh600519,贵州茅台,09:59:37,1452.59,200,1452.59,D
sh600519,贵州茅台,09:59:40,1452.96,900,1452.59,E
sh600519,贵州茅台,09:59:43,1452.98,900,1452.96,U
sh600519,贵州茅台,09:59:49,1452.98,600,1452.98,U
sh600519,贵州茅台,09:59:55,1452.98,400,1452.98,E
sh600519,贵州茅台,09:59:58,1452.98,500,1452.98,D
sh600519,贵州茅台,10:00:04,1453.0,1900,1452.99,U
sh600519,贵州茅台,10:00:07,1452.99,200,1453.0,D
sh600519,贵州茅台,10:00:10,1453.0,900,1452.99,E
sh600519,贵州茅台,10:00:13,1452.6,200,1453.0,D
sh600519,贵州茅台,10:00:16,1452.99,200,1452.6,U
sh600519,贵州茅台,10:00:19,1452.6,200,1452.99,D
sh600519,贵州茅台,10:00:22,1453.0,500,1452.6,U
sh600519,贵州茅台,10:00:25,1452.6,1200,1453.0,D
sh600519,贵州茅台,10:00:28,1452.6,300,1452.6,E
sh600519,贵州茅台,10:00:34,1453.0,200,1452.6,U
sh600519,贵州茅台,10:00:37,1452.65,200,1453.0,E
sh600519,贵州茅台,10:00:40,1453.0,4700,1452.65,U
sh600519,贵州茅台,10:00:43,1453.37,700,1453.0,U
sh600519,贵州茅台,10:00:46,1453.49,1300,1453.37,U
sh600519,贵州茅台,10:00:49,1453.68,700,1453.49,U
sh600519,贵州茅台,10:00:52,1453.88,1600,1453.68,U
sh600519,贵州茅台,10:00:55,1453.97,600,1453.88,U
sh600519,贵州茅台,10:00:58,1454.0,1200,1453.97,U
sh600519,贵州茅台,10:01:01,1454.14,800,1454.0,U
sh600519,贵州茅台,10:01:04,1454.17,1200,1454.14,U
sh600519,贵州茅台,10:01:07,1454.18,900,1454.17,E
sh600519,贵州茅台,10:01:10,1454.23,800,1454.18,U
sh600519,贵州茅台,10:01:13,1454.22,400,1454.23,D
sh600519,贵州茅台,10:01:16,1454.34,400,1454.22,E
sh600519,贵州茅台,10:01:19,1454.34,700,1454.34,D
sh600519,贵州茅台,10:01:22,1454.4,700,1454.34,U
sh600519,贵州茅台,10:01:25,1454.26,400,1454.4,D
sh600519,贵州茅台,10:01:28,1454.18,700,1454.26,D
sh600519,贵州茅台,10:01:31,1453.12,1600,1454.18,D
sh600519,贵州茅台,10:01:34,1452.88,1200,1453.12,D
sh600519,贵州茅台,10:01:37,1453.01,200,1452.88,U
sh600519,贵州茅台,10:01:43,1453.01,300,1453.0,U
sh600519,贵州茅台,10:01:46,1453.01,300,1453.01,D
sh600519,贵州茅台,10:01:52,1453.01,500,1453.01,D
sh600519,贵州茅台,10:01:55,1453.03,200,1453.01,E
sh600519,贵州茅台,10:02:01,1453.98,900,1453.01,U
sh600519,贵州茅台,10:02:04,1453.96,500,1453.98,E
sh600519,贵州茅台,10:02:07,1454.0,2200,1453.96,U
sh600519,贵州茅台,10:02:10,1454.17,3000,1454.0,U
sh600519,贵州茅台,10:02:13,1454.68,900,1454.17,U
sh600519,贵州茅台,10:02:16,1454.8,300,1454.68,U
sh600519,贵州茅台,10:02:19,1454.88,900,1454.8,U
sh600519,贵州茅台,10:02:22,1454.99,3300,1454.88,U
sh600519,贵州茅台,10:02:25,1455.0,1600,1454.99,U
sh600519,贵州茅台,10:02:28,1454.99,1600,1455.0,D
sh600519,贵州茅台,10:02:31,1455.0,500,1454.99,U
sh600519,贵州茅台,10:02:34,1455.0,300,1455.0,U
sh600519,贵州茅台,10:02:37,1454.99,700,1455.0,D
sh600519,贵州茅台,10:02:40,1455.05,1400,1454.99,U
sh600519,贵州茅台,10:02:43,1455.08,900,1455.05,U
sh600519,贵州茅台,10:02:46,1455.05,600,1455.08,D
sh600519,贵州茅台,10:02:49,1455.48,500,1455.05,U
sh600519,贵州茅台,10:02:52,1455.21,200,1455.48,D
sh600519,贵州茅台,10:02:55,1455.45,400,1455.21,U
sh600519,贵州茅台,10:02:58,1455.45,400,1455.45,E
sh600519,贵州茅台,10:03:01,1455.6,1800,1455.45,U
sh600519,贵州茅台,10:03:07,1455.6,2700,1455.79,E
sh600519,贵州茅台,10:03:10,1455.88,1100,1455.6,U
sh600519,贵州茅台,10:03:13,1455.8,300,1455.88,E
sh600519,贵州茅台,10:03:16,1456.0,500,1455.8,U
sh600519,贵州茅台,10:03:19,1456.0,900,1456.0,U
sh600519,贵州茅台,10:03:22,1456.0,500,1456.0,U
sh600519,贵州茅台,10:03:25,1455.81,200,1456.0,D
sh600519,贵州茅台,10:03:28,1456.0,500,1455.81,U
sh600519,贵州茅台,10:03:31,1456.0,1000,1456.0,U
sh600519,贵州茅台,10:03:34,1456.01,1100,1456.0,U
sh600519,贵州茅台,10:03:37,1456.0,500,1456.01,D
sh600519,贵州茅台,10:03:40,1456.02,600,1456.0,U
sh600519,贵州茅台,10:03:43,1456.1,300,1456.02,U
sh600519,贵州茅台,10:03:46,1456.05,200,1456.1,E
sh600519,贵州茅台,10:03:52,1456.09,800,1456.05,D
sh600519,贵州茅台,10:03:55,1456.04,800,1456.09,D
sh600519,贵州茅台,10:03:58,1456.08,200,1456.04,E
sh600519,贵州茅台,10:04:01,1456.04,1300,1456.08,D
sh600519,贵州茅台,10:04:04,1456.04,1000,1456.04,D
sh600519,贵州茅台,10:04:07,1456.02,600,1456.04,D
sh600519,贵州茅台,10:04:13,1456.08,400,1456.08,D
sh600519,贵州茅台,10:04:16,1456.19,1000,1456.08,E
sh600519,贵州茅台,10:04:19,1456.19,400,1456.19,U
sh600519,贵州茅台,10:04:22,1456.08,300,1456.19,E
sh600519,贵州茅台,10:04:28,1456.02,1600,1456.08,D
sh600519,贵州茅台,10:04:31,1456.08,200,1456.02,E
sh600519,贵州茅台,10:04:34,1456.13,1000,1456.08,U
sh600519,贵州茅台,10:04:40,1456.04,500,1456.13,D
sh600519,贵州茅台,10:04:43,1456.18,1800,1456.04,D
sh600519,贵州茅台,10:04:46,1456.19,900,1456.18,U
sh600519,贵州茅台,10:04:49,1456.18,1600,1456.19,D
sh600519,贵州茅台,10:04:52,1456.08,200,1456.18,E
sh600519,贵州茅台,10:04:55,1456.02,800,1456.08,D
sh600519,贵州茅台,10:05:01,1456.02,500,1456.02,U
sh600519,贵州茅台,10:05:04,1456.02,1600,1456.02,D
sh600519,贵州茅台,10:05:07,1456.01,1200,1456.02,D
sh600519,贵州茅台,10:05:10,1456.0,1600,1456.01,D
sh600519,贵州茅台,10:05:13,1456.17,800,1456.0,U
sh600519,贵州茅台,10:05:16,1456.0,700,1456.17,D
sh600519,贵州茅台,10:05:19,1456.1,600,1456.0,E
sh600519,贵州茅台,10:05:25,1456.01,400,1456.01,D
sh600519,贵州茅台,10:05:28,1456.01,500,1456.01,D
sh600519,贵州茅台,10:05:31,1456.09,300,1456.01,U
sh600519,贵州茅台,10:05:34,1456.01,900,1456.09,D
sh600519,贵州茅台,10:05:37,1456.15,1900,1456.01,U
sh600519,贵州茅台,10:05:40,1456.16,1100,1456.15,U
sh600519,贵州茅台,10:05:43,1456.09,300,1456.16,E
sh600519,贵州茅台,10:05:46,1456.3,2800,1456.09,U
sh600519,贵州茅台,10:05:49,1456.3,1700,1456.3,U
sh600519,贵州茅台,10:05:52,1456.5,700,1456.3,U
sh600519,贵州茅台,10:05:55,1456.35,600,1456.5,D
sh600519,贵州茅台,10:05:58,1456.38,400,1456.35,U
sh600519,贵州茅台,10:06:01,1456.33,400,1456.38,D
sh600519,贵州茅台,10:06:04,1456.36,300,1456.33,E
sh600519,贵州茅台,10:06:07,1456.33,500,1456.36,D
sh600519,贵州茅台,10:06:10,1456.33,500,1456.33,D
sh600519,贵州茅台,10:06:16,1456.37,200,1456.36,U
sh600519,贵州茅台,10:06:19,1456.32,1100,1456.37,D
sh600519,贵州茅台,10:06:22,1456.36,500,1456.32,U
sh600519,贵州茅台,10:06:28,1456.22,700,1456.36,D
sh600519,贵州茅台,10:06:31,1456.37,500,1456.22,U
sh600519,贵州茅台,10:06:34,1456.23,300,1456.37,D
sh600519,贵州茅台,10:06:37,1456.23,500,1456.23,D
sh600519,贵州茅台,10:06:40,1456.21,500,1456.23,D
sh600519,贵州茅台,10:06:43,1456.19,500,1456.21,D
sh600519,贵州茅台,10:06:46,1456.2,800,1456.19,D
sh600519,贵州茅台,10:06:49,1456.23,800,1456.2,U
sh600519,贵州茅台,10:06:52,1456.21,600,1456.23,E
sh600519,贵州茅台,10:06:55,1456.1,300,1456.21,D
sh600519,贵州茅台,10:06:58,1456.1,200,1456.1,D
sh600519,贵州茅台,10:07:01,1456.18,300,1456.1,E
sh600519,贵州茅台,10:07:04,1456.02,1000,1456.18,D
sh600519,贵州茅台,10:07:07,1456.08,800,1456.02,E
sh600519,贵州茅台,10:07:10,1456.02,400,1456.08,D
sh600519,贵州茅台,10:07:13,1456.03,1400,1456.02,E
sh600519,贵州茅台,10:07:16,1456.0,4100,1456.03,D
sh600519,贵州茅台,10:07:19,1456.0,500,1456.0,D
sh600519,贵州茅台,10:07:25,1456.01,600,1456.0,D
sh600519,贵州茅台,10:07:28,1456.0,800,1456.01,D
sh600519,贵州茅台,10:07:31,1455.0,4800,1456.0,D
sh600519,贵州茅台,10:07:34,1455.74,2000,1455.0,U
sh600519,贵州茅台,10:07:37,1455.74,1000,1455.74,D
sh600519,贵州茅台,10:07:40,1455.74,900,1455.74,D
sh600519,贵州茅台,10:07:43,1455.76,1400,1455.74,U
sh600519,贵州茅台,10:07:46,1455.0,900,1455.76,D
sh600519,贵州茅台,10:07:49,1455.79,1600,1455.0,U
sh600519,贵州茅台,10:07:52,1455.09,1100,1455.79,E
sh600519,贵州茅台,10:07:55,1455.98,900,1455.09,U
sh600519,贵州茅台,10:07:58,1455.98,400,1455.98,D
sh600519,贵州茅台,10:08:01,1455.98,600,1455.98,D
sh600519,贵州茅台,10:08:04,1455.98,2300,1455.98,D
sh600519,贵州茅台,10:08:07,1456.0,2000,1455.98,U
sh600519,贵州茅台,10:08:10,1456.0,200,1456.0,D
sh600519,贵州茅台,10:08:13,1456.0,1000,1456.0,D
sh600519,贵州茅台,10:08:16,1456.0,400,1456.0,D
sh600519,贵州茅台,10:08:19,1456.01,400,1456.0,E
sh600519,贵州茅台,10:08:22,1456.0,400,1456.01,D
sh600519,贵州茅台,10:08:25,1455.99,2700,1456.0,D
sh600519,贵州茅台,10:08:28,1455.99,2100,1455.99,U
sh600519,贵州茅台,10:08:31,1455.84,900,1455.99,U
sh600519,贵州茅台,10:08:34,1455.22,1400,1455.84,D
sh600519,贵州茅台,10:08:37,1455.82,700,1455.22,U
sh600519,贵州茅台,10:08:40,1455.22,300,1455.82,D
sh600519,贵州茅台,10:08:43,1455.22,500,1455.22,D
sh600519,贵州茅台,10:08:46,1455.22,900,1455.22,U
sh600519,贵州茅台,10:08:49,1455.02,1400,1455.22,D
sh600519,贵州茅台,10:08:52,1455.0,5400,1455.02,D
sh600519,贵州茅台,10:08:55,1454.81,3900,1455.0,D
sh600519,贵州茅台,10:08:58,1455.0,1400,1454.81,U
sh600519,贵州茅台,10:09:01,1455.0,700,1455.0,U
sh600519,贵州茅台,10:09:04,1454.84,600,1455.0,D
sh600519,贵州茅台,10:09:07,1454.83,600,1454.84,D
sh600519,贵州茅台,10:09:10,1455.0,900,1454.83,U
sh600519,贵州茅台,10:09:13,1455.0,600,1455.0,U
sh600519,贵州茅台,10:09:16,1454.99,500,1455.0,E
sh600519,贵州茅台,10:09:19,1454.86,1100,1454.99,D
sh600519,贵州茅台,10:09:22,1454.87,900,1454.86,D
sh600519,贵州茅台,10:09:25,1454.87,800,1454.87,D
sh600519,贵州茅台,10:09:28,1455.0,500,1454.87,U
sh600519,贵州茅台,10:09:31,1455.02,200,1455.0,U
sh600519,贵州茅台,10:09:34,1454.89,1000,1455.02,D
sh600519,贵州茅台,10:09:37,1455.02,600,1454.89,U
sh600519,贵州茅台,10:09:40,1454.89,400,1455.02,D
sh600519,贵州茅台,10:09:43,1454.89,400,1454.89,D
sh600519,贵州茅台,10:09:46,1454.89,300,1454.89,E
sh600519,贵州茅台,10:09:49,1454.88,200,1454.89,D
sh600519,贵州茅台,10:09:52,1454.89,500,1454.88,U
sh600519,贵州茅台,10:09:55,1454.88,700,1454.89,D
sh600519,贵州茅台,10:09:58,1454.9,400,1454.88,E
sh600519,贵州茅台,10:10:01,1455.5,1500,1454.9,U
sh600519,贵州茅台,10:10:04,1456.0,2600,1455.5,U
sh600519,贵州茅台,10:10:07,1456.0,3200,1456.0,U
sh600519,贵州茅台,10:10:10,1456.0,2900,1456.0,U
sh600519,贵州茅台,10:10:13,1456.0,700,1456.0,E
sh600519,贵州茅台,10:10:16,1456.11,2200,1456.0,U
sh600519,贵州茅台,10:10:19,1456.36,600,1456.11,U
sh600519,贵州茅台,10:10:22,1456.39,1300,1456.36,U
sh600519,贵州茅台,10:10:25,1456.5,700,1456.39,U
sh600519,贵州茅台,10:10:28,1456.56,600,1456.5,U
sh600519,贵州茅台,10:10:31,1456.66,800,1456.56,U
sh600519,贵州茅台,10:10:34,1456.8,1900,1456.66,U
sh600519,贵州茅台,10:10:37,1456.66,700,1456.8,D
sh600519,贵州茅台,10:10:40,1456.68,300,1456.66,D
sh600519,贵州茅台,10:10:46,1456.86,500,1456.68,U
sh600519,贵州茅台,10:10:49,1456.87,2200,1456.86,U
sh600519,贵州茅台,10:10:52,1456.87,1400,1456.87,D
sh600519,贵州茅台,10:10:58,1456.87,1000,1456.9,D
sh600519,贵州茅台,10:11:01,1456.87,600,1456.87,D
sh600519,贵州茅台,10:11:04,1457.0,800,1456.87,U
sh600519,贵州茅台,10:11:10,1456.94,200,1457.0,D
sh600519,贵州茅台,10:11:13,1456.95,800,1456.94,E
sh600519,贵州茅台,10:11:16,1456.94,1500,1456.95,D
sh600519,贵州茅台,10:11:22,1456.99,400,1456.9,U
sh600519,贵州茅台,10:11:25,1457.0,300,1456.99,U
sh600519,贵州茅台,10:11:28,1456.99,1700,1457.0,D
sh600519,贵州茅台,10:11:31,1456.99,500,1456.99,D
sh600519,贵州茅台,10:11:34,1456.99,2700,1456.99,D
sh600519,贵州茅台,10:11:37,1457.01,300,1456.99,U
sh600519,贵州茅台,10:11:43,1457.02,800,1457.01,U
sh600519,贵州茅台,10:11:46,1457.19,200,1457.02,U
sh600519,贵州茅台,10:11:49,1457.34,300,1457.19,U
sh600519,贵州茅台,10:11:52,1457.19,400,1457.34,E
sh600519,贵州茅台,10:11:55,1457.5,900,1457.19,U
sh600519,贵州茅台,10:11:58,1457.02,4200,1457.5,D
sh600519,贵州茅台,10:12:01,1457.05,1000,1457.02,E
sh600519,贵州茅台,10:12:07,1457.05,400,1457.05,E
sh600519,贵州茅台,10:12:10,1456.79,2500,1457.05,D
sh600519,贵州茅台,10:12:13,1456.59,2300,1456.79,D
sh600519,贵州茅台,10:12:22,1456.01,400,1456.61,D
sh600519,贵州茅台,10:12:25,1456.0,2600,1456.01,D
sh600519,贵州茅台,10:12:28,1456.01,200,1456.0,E
sh600519,贵州茅台,10:12:31,1456.07,800,1456.01,U
sh600519,贵州茅台,10:12:37,1456.0,900,1456.0,D
sh600519,贵州茅台,10:12:40,1456.0,600,1456.0,D
sh600519,贵州茅台,10:12:43,1456.0,1000,1456.0,D
sh600519,贵州茅台,10:12:46,1456.0,400,1456.0,D
sh600519,贵州茅台,10:12:49,1456.0,500,1456.0,D
sh600519,贵州茅台,10:12:52,1456.08,400,1456.0,U
sh600519,贵州茅台,10:12:55,1456.08,1000,1456.08,U
sh600519,贵州茅台,10:12:58,1456.01,400,1456.08,D
sh600519,贵州茅台,10:13:01,1456.08,400,1456.01,U
sh600519,贵州茅台,10:13:04,1455.97,2300,1456.08,D
sh600519,贵州茅台,10:13:07,1456.0,6500,1455.97,U
sh600519,贵州茅台,10:13:10,1456.0,1500,1456.0,U
sh600519,贵州茅台,10:13:13,1456.01,600,1456.0,E
sh600519,贵州茅台,10:13:16,1456.0,400,1456.01,D
sh600519,贵州茅台,10:13:19,1456.1,400,1456.0,U
sh600519,贵州茅台,10:13:22,1456.0,1600,1456.1,D
sh600519,贵州茅台,10:13:25,1456.1,600,1456.0,U
sh600519,贵州茅台,10:13:28,1456.1,200,1456.1,U
sh600519,贵州茅台,10:13:34,1456.0,2300,1456.01,D
sh600519,贵州茅台,10:13:37,1456.01,300,1456.0,E
sh600519,贵州茅台,10:13:40,1456.0,900,1456.01,D
sh600519,贵州茅台,10:13:43,1455.98,1200,1456.0,D
sh600519,贵州茅台,10:13:46,1455.98,1000,1455.98,D
sh600519,贵州茅台,10:13:49,1455.02,800,1455.98,D
sh600519,贵州茅台,10:13:52,1455.99,3100,1455.02,U
sh600519,贵州茅台,10:13:55,1456.0,900,1455.99,U
sh600519,贵州茅台,10:13:58,1456.11,800,1456.0,U
sh600519,贵州茅台,10:14:01,1456.0,1600,1456.11,D
sh600519,贵州茅台,10:14:04,1456.0,1000,1456.0,U
sh600519,贵州茅台,10:14:07,1455.01,1900,1456.0,D
sh600519,贵州茅台,10:14:10,1454.79,3800,1455.01,D
sh600519,贵州茅台,10:14:13,1454.81,2300,1454.79,U
sh600519,贵州茅台,10:14:16,1454.68,600,1454.81,U
sh600519,贵州茅台,10:14:19,1454.0,1200,1454.68,D
sh600519,贵州茅台,10:14:22,1454.72,700,1454.0,U
sh600519,贵州茅台,10:14:25,1454.14,200,1454.72,E
sh600519,贵州茅台,10:14:28,1454.18,400,1454.14,E
sh600519,贵州茅台,10:14:31,1455.0,1000,1454.18,U
sh600519,贵州茅台,10:14:34,1455.78,300,1455.0,U
sh600519,贵州茅台,10:14:37,1455.0,200,1455.78,D
sh600519,贵州茅台,10:14:40,1455.15,600,1455.0,D
sh600519,贵州茅台,10:14:43,1455.15,1100,1455.15,D
sh600519,贵州茅台,10:14:46,1456.0,600,1455.15,U
sh600519,贵州茅台,10:14:49,1455.15,800,1456.0,D
sh600519,贵州茅台,10:14:52,1455.99,1100,1455.15,E
sh600519,贵州茅台,10:14:55,1456.0,400,1455.99,U
sh600519,贵州茅台,10:15:04,1455.33,300,1456.0,U
sh600519,贵州茅台,10:15:07,1455.92,500,1455.33,U
sh600519,贵州茅台,10:15:10,1455.9,300,1455.92,U
sh600519,贵州茅台,10:15:13,1455.9,900,1455.9,E
sh600519,贵州茅台,10:15:16,1456.0,2600,1455.9,U
sh600519,贵州茅台,10:15:19,1456.07,700,1456.0,U
sh600519,贵州茅台,10:15:22,1456.09,900,1456.07,U
sh600519,贵州茅台,10:15:25,1456.0,200,1456.09,D
sh600519,贵州茅台,10:15:28,1456.08,1000,1456.0,E
sh600519,贵州茅台,10:15:31,1456.09,400,1456.08,E
sh600519,贵州茅台,10:15:34,1456.0,1000,1456.09,D
sh600519,贵州茅台,10:15:37,1456.09,600,1456.0,E
sh600519,贵州茅台,10:15:40,1456.0,400,1456.09,D
sh600519,贵州茅台,10:15:43,1456.01,600,1456.0,E
sh600519,贵州茅台,10:15:46,1456.09,800,1456.01,U
sh600519,贵州茅台,10:15:49,1456.09,1300,1456.09,D
sh600519,贵州茅台,10:15:52,1456.01,600,1456.09,D
sh600519,贵州茅台,10:15:55,1456.0,1400,1456.01,D
sh600519,贵州茅台,10:16:01,1456.01,400,1456.01,U
sh600519,贵州茅台,10:16:04,1456.02,1300,1456.01,E
sh600519,贵州茅台,10:16:07,1456.11,1600,1456.02,U
sh600519,贵州茅台,10:16:10,1456.15,300,1456.11,U
sh600519,贵州茅台,10:16:13,1456.2,400,1456.15,U
sh600519,贵州茅台,10:16:16,1456.4,700,1456.2,U
sh600519,贵州茅台,10:16:19,1456.2,400,1456.4,U
sh600519,贵州茅台,10:16:25,1456.18,300,1456.2,D
sh600519,贵州茅台,10:16:28,1456.5,200,1456.18,U
sh600519,贵州茅台,10:16:34,1456.12,200,1456.48,D
sh600519,贵州茅台,10:16:37,1456.68,1100,1456.12,U
sh600519,贵州茅台,10:16:40,1456.92,700,1456.68,U
sh600519,贵州茅台,10:16:43,1457.0,3800,1456.92,U
sh600519,贵州茅台,10:16:46,1457.68,2600,1457.0,U
sh600519,贵州茅台,10:16:52,1457.06,400,1457.03,D
sh600519,贵州茅台,10:16:55,1457.06,300,1457.06,D
sh600519,贵州茅台,10:16:58,1457.8,1000,1457.06,U
sh600519,贵州茅台,10:17:04,1457.8,2200,1457.79,U
sh600519,贵州茅台,10:17:07,1457.88,400,1457.8,U
sh600519,贵州茅台,10:17:10,1457.89,400,1457.88,U
sh600519,贵州茅台,10:17:13,1457.9,2000,1457.89,U
sh600519,贵州茅台,10:17:16,1457.99,400,1457.9,U
sh600519,贵州茅台,10:17:19,1457.9,500,1457.99,D
sh600519,贵州茅台,10:17:25,1457.99,400,1457.99,U
sh600519,贵州茅台,10:17:28,1457.99,1100,1457.99,U
sh600519,贵州茅台,10:17:31,1458.0,3200,1457.99,U
sh600519,贵州茅台,10:17:34,1457.0,4700,1458.0,D
sh600519,贵州茅台,10:17:37,1457.99,300,1457.0,U
sh600519,贵州茅台,10:17:40,1457.19,200,1457.99,E
sh600519,贵州茅台,10:17:43,1457.89,300,1457.19,E
sh600519,贵州茅台,10:17:46,1457.99,700,1457.89,U
sh600519,贵州茅台,10:17:49,1457.44,7000,1457.99,E
sh600519,贵州茅台,10:17:52,1458.0,5100,1457.44,U
sh600519,贵州茅台,10:17:55,1458.0,2500,1458.0,U
sh600519,贵州茅台,10:17:58,1458.5,10700,1458.0,U
sh600519,贵州茅台,10:18:01,1458.73,2400,1458.5,U
sh600519,贵州茅台,10:18:04,1459.0,19000,1458.73,U
sh600519,贵州茅台,10:18:07,1459.77,18000,1459.0,U
sh600519,贵州茅台,10:18:10,1459.9,5100,1459.77,U
sh600519,贵州茅台,10:18:13,1459.95,400,1459.9,U
sh600519,贵州茅台,10:18:16,1459.98,1500,1459.95,U
sh600519,贵州茅台,10:18:19,1459.98,600,1459.98,U
sh600519,贵州茅台,10:18:22,1459.97,600,1459.98,D
sh600519,贵州茅台,10:18:25,1459.98,2900,1459.97,U
sh600519,贵州茅台,10:18:28,1459.9,600,1459.98,E
sh600519,贵州茅台,10:18:31,1459.98,500,1459.9,U
sh600519,贵州茅台,10:18:34,1459.99,2000,1459.98,U
sh600519,贵州茅台,10:18:37,1459.98,900,1459.99,D
sh600519,贵州茅台,10:18:40,1460.0,11700,1459.98,U
sh600519,贵州茅台,10:18:43,1460.0,9500,1460.0,U
sh600519,贵州茅台,10:18:46,1459.98,2100,1460.0,U
sh600519,贵州茅台,10:18:49,1459.99,500,1459.98,U
sh600519,贵州茅台,10:18:52,1459.99,2000,1459.99,D
sh600519,贵州茅台,10:18:55,1459.98,22200,1459.99,D
sh600519,贵州茅台,10:18:58,1460.0,2600,1459.98,U
sh600519,贵州茅台,10:19:01,1460.0,2800,1460.0,D
sh600519,贵州茅台,10:19:04,1460.93,6500,1460.0,U
sh600519,贵州茅台,10:19:07,1460.02,1300,1460.93,E
sh600519,贵州茅台,10:19:10,1460.95,900,1460.02,E
sh600519,贵州茅台,10:19:13,1460.99,1000,1460.95,E
sh600519,贵州茅台,10:19:16,1460.99,700,1460.99,E
sh600519,贵州茅台,10:19:19,1461.02,2200,1460.99,U
sh600519,贵州茅台,10:19:22,1461.25,1500,1461.02,U
sh600519,贵州茅台,10:19:25,1460.94,2700,1461.25,D
sh600519,贵州茅台,10:19:28,1460.94,1200,1460.94,U
sh600519,贵州茅台,10:19:31,1460.94,1600,1460.94,U
sh600519,贵州茅台,10:19:34,1460.3,1000,1460.94,D
sh600519,贵州茅台,10:19:37,1461.0,1000,1460.3,U
sh600519,贵州茅台,10:19:40,1461.0,700,1461.0,U
sh600519,贵州茅台,10:19:43,1461.03,700,1461.0,U
sh600519,贵州茅台,10:19:46,1461.02,2600,1461.03,D
sh600519,贵州茅台,10:19:49,1461.21,500,1461.02,D
sh600519,贵州茅台,10:19:52,1461.21,700,1461.21,D
sh600519,贵州茅台,10:19:55,1461.23,800,1461.21,U
sh600519,贵州茅台,10:19:58,1461.2,2500,1461.23,E
sh600519,贵州茅台,10:20:04,1460.82,200,1461.2,E
sh600519,贵州茅台,10:20:07,1459.95,2600,1460.82,D
sh600519,贵州茅台,10:20:10,1460.7,1600,1459.95,U
sh600519,贵州茅台,10:20:13,1460.82,1200,1460.7,U
sh600519,贵州茅台,10:20:16,1460.84,500,1460.82,U
sh600519,贵州茅台,10:20:19,1460.84,2000,1460.84,D
sh600519,贵州茅台,10:20:22,1461.24,2200,1460.84,U
sh600519,贵州茅台,10:20:25,1460.83,500,1461.24,D
sh600519,贵州茅台,10:20:28,1460.86,1800,1460.83,U
sh600519,贵州茅台,10:20:31,1461.21,1200,1460.86,U
sh600519,贵州茅台,10:20:34,1460.8,2100,1461.21,D
sh600519,贵州茅台,10:20:37,1461.1,1500,1460.8,U
sh600519,贵州茅台,10:20:40,1460.69,900,1461.1,D
sh600519,贵州茅台,10:20:43,1460.18,1000,1460.69,E
sh600519,贵州茅台,10:20:46,1460.69,900,1460.18,U
sh600519,贵州茅台,10:20:49,1461.15,600,1460.69,U
sh600519,贵州茅台,10:20:52,1461.0,300,1461.15,U
sh600519,贵州茅台,10:20:55,1460.69,600,1461.0,D
sh600519,贵州茅台,10:20:58,1460.94,1000,1460.69,U
sh600519,贵州茅台,10:21:01,1461.0,800,1460.94,E
sh600519,贵州茅台,10:21:04,1460.69,1400,1461.0,D
sh600519,贵州茅台,10:21:07,1460.69,900,1460.69,U
sh600519,贵州茅台,10:21:10,1460.69,800,1460.69,U
sh600519,贵州茅台,10:21:13,1460.69,900,1460.69,U
sh600519,贵州茅台,10:21:16,1460.6,1400,1460.69,D
sh600519,贵州茅台,10:21:19,1461.21,4800,1460.6,U
sh600519,贵州茅台,10:21:22,1461.5,3000,1461.21,U
sh600519,贵州茅台,10:21:25,1461.66,1700,1461.5,U
sh600519,贵州茅台,10:21:28,1461.88,2200,1461.66,U
sh600519,贵州茅台,10:21:31,1462.34,11500,1461.88,U
sh600519,贵州茅台,10:21:34,1462.78,4100,1462.34,U
sh600519,贵州茅台,10:21:37,1462.8,4300,1462.78,U
sh600519,贵州茅台,10:21:40,1462.98,2100,1462.8,U
sh600519,贵州茅台,10:21:43,1463.63,8600,1462.98,U
sh600519,贵州茅台,10:21:46,1463.63,1400,1463.63,U
sh600519,贵州茅台,10:21:49,1463.89,2800,1463.63,U
sh600519,贵州茅台,10:21:52,1463.99,2700,1463.89,U
sh600519,贵州茅台,10:21:55,1464.0,2000,1463.99,U
sh600519,贵州茅台,10:21:58,1464.44,2000,1464.0,U
sh600519,贵州茅台,10:22:01,1464.44,1400,1464.44,D
sh600519,贵州茅台,10:22:04,1464.66,2800,1464.44,U
sh600519,贵州茅台,10:22:07,1464.0,3600,1464.66,D
sh600519,贵州茅台,10:22:10,1464.09,500,1464.0,D
sh600519,贵州茅台,10:22:13,1464.66,1700,1464.09,U
sh600519,贵州茅台,10:22:16,1464.66,1500,1464.66,D
sh600519,贵州茅台,10:22:19,1464.43,1500,1464.66,E
sh600519,贵州茅台,10:22:22,1464.0,3200,1464.43,D
sh600519,贵州茅台,10:22:25,1464.34,3500,1464.0,U
sh600519,贵州茅台,10:22:28,1464.09,1200,1464.34,U
sh600519,贵州茅台,10:22:31,1464.0,800,1464.09,D
sh600519,贵州茅台,10:22:34,1464.6,1200,1464.0,E
sh600519,贵州茅台,10:22:37,1464.0,900,1464.6,D
sh600519,贵州茅台,10:22:40,1464.0,1700,1464.0,D
sh600519,贵州茅台,10:22:43,1463.99,600,1464.0,E
sh600519,贵州茅台,10:22:46,1463.1,300,1463.99,E
sh600519,贵州茅台,10:22:49,1463.11,400,1463.1,D
sh600519,贵州茅台,10:22:55,1463.14,600,1463.11,E
sh600519,贵州茅台,10:22:58,1463.1,1200,1463.14,D
sh600519,贵州茅台,10:23:01,1463.11,500,1463.1,U
sh600519,贵州茅台,10:23:04,1462.98,2700,1463.11,D
sh600519,贵州茅台,10:23:07,1463.0,1800,1462.98,U
sh600519,贵州茅台,10:23:10,1463.0,1000,1463.0,E
sh600519,贵州茅台,10:23:13,1462.5,1400,1463.0,D
sh600519,贵州茅台,10:23:16,1462.0,800,1462.5,D
sh600519,贵州茅台,10:23:19,1462.0,400,1462.0,D
sh600519,贵州茅台,10:23:22,1461.99,500,1462.0,D
sh600519,贵州茅台,10:23:25,1461.52,500,1461.99,D
sh600519,贵州茅台,10:23:28,1460.69,1200,1461.52,D
sh600519,贵州茅台,10:23:31,1462.0,800,1460.69,U
sh600519,贵州茅台,10:23:34,1461.99,1700,1462.0,D
sh600519,贵州茅台,10:23:37,1462.0,400,1461.99,D
sh600519,贵州茅台,10:23:40,1462.0,400,1462.0,D
sh600519,贵州茅台,10:23:43,1461.99,700,1462.0,D
sh600519,贵州茅台,10:23:49,1461.98,400,1461.27,U
sh600519,贵州茅台,10:23:52,1461.18,500,1461.98,D
sh600519,贵州茅台,10:23:55,1461.19,500,1461.18,E
sh600519,贵州茅台,10:23:58,1462.08,2100,1461.19,U
sh600519,贵州茅台,10:24:01,1462.19,1700,1462.08,E
sh600519,贵州茅台,10:24:04,1461.0,2400,1462.19,D
sh600519,贵州茅台,10:24:10,1461.9,400,1462.0,E
sh600519,贵州茅台,10:24:13,1461.9,500,1461.9,U
sh600519,贵州茅台,10:24:16,1462.0,700,1461.9,U
sh600519,贵州茅台,10:24:22,1461.2,400,1461.88,D
sh600519,贵州茅台,10:24:25,1461.19,1500,1461.2,D
sh600519,贵州茅台,10:24:28,1461.83,200,1461.19,U
sh600519,贵州茅台,10:24:31,1461.19,1400,1461.83,D
sh600519,贵州茅台,10:24:34,1461.18,500,1461.19,D
sh600519,贵州茅台,10:24:37,1461.01,1200,1461.18,D
sh600519,贵州茅台,10:24:40,1461.5,200,1461.01,E
sh600519,贵州茅台,10:24:43,1461.77,200,1461.5,E
sh600519,贵州茅台,10:24:46,1461.0,700,1461.77,D
sh600519,贵州茅台,10:24:49,1461.21,400,1461.0,U
sh600519,贵州茅台,10:24:52,1461.35,700,1461.21,U
sh600519,贵州茅台,10:24:58,1461.69,300,1461.69,U
sh600519,贵州茅台,10:25:01,1462.0,2300,1461.69,U
sh600519,贵州茅台,10:25:07,1460.99,500,1461.0,D
sh600519,贵州茅台,10:25:13,1461.88,200,1460.99,U
sh600519,贵州茅台,10:25:16,1461.21,200,1461.88,E
sh600519,贵州茅台,10:25:19,1461.18,600,1461.21,D
sh600519,贵州茅台,10:25:22,1461.18,200,1461.18,D
sh600519,贵州茅台,10:25:25,1461.55,1300,1461.18,U
sh600519,贵州茅台,10:25:28,1461.02,600,1461.55,D
sh600519,贵州茅台,10:25:31,1462.0,1100,1461.02,U
sh600519,贵州茅台,10:25:34,1461.02,600,1462.0,D
sh600519,贵州茅台,10:25:37,1461.02,3400,1461.02,D
sh600519,贵州茅台,10:25:40,1461.6,800,1461.02,E
sh600519,贵州茅台,10:25:43,1462.0,1000,1461.6,U
sh600519,贵州茅台,10:25:46,1462.0,900,1462.0,D
sh600519,贵州茅台,10:25:49,1462.0,400,1462.0,D
sh600519,贵州茅台,10:25:52,1462.5,900,1462.0,U
sh600519,贵州茅台,10:25:55,1462.5,1000,1462.5,D
sh600519,贵州茅台,10:25:58,1462.99,1300,1462.5,U
sh600519,贵州茅台,10:26:01,1462.51,1500,1462.99,D
sh600519,贵州茅台,10:26:04,1463.65,1000,1462.51,U
sh600519,贵州茅台,10:26:07,1463.97,1200,1463.65,U
sh600519,贵州茅台,10:26:10,1464.0,2900,1463.97,U
sh600519,贵州茅台,10:26:13,1463.88,2100,1464.0,D
sh600519,贵州茅台,10:26:16,1463.88,1300,1463.88,U
sh600519,贵州茅台,10:26:19,1463.68,700,1463.88,D
sh600519,贵州茅台,10:26:22,1464.0,1100,1463.68,U
sh600519,贵州茅台,10:26:25,1463.6,1200,1464.0,E
sh600519,贵州茅台,10:26:28,1463.0,1000,1463.6,D
sh600519,贵州茅台,10:26:31,1462.5,3500,1463.0,D
sh600519,贵州茅台,10:26:34,1462.78,2900,1462.5,E
sh600519,贵州茅台,10:26:37,1460.04,4700,1462.78,D
sh600519,贵州茅台,10:26:40,1460.95,900,1460.04,U
sh600519,贵州茅台,10:26:43,1460.96,800,1460.95,D
sh600519,贵州茅台,10:26:46,1461.99,800,1460.96,U
sh600519,贵州茅台,10:26:49,1460.98,1800,1461.99,E
sh600519,贵州茅台,10:26:52,1461.04,1800,1460.98,D
sh600519,贵州茅台,10:26:55,1461.99,500,1461.04,U
sh600519,贵州茅台,10:26:58,1461.99,400,1461.99,U
sh600519,贵州茅台,10:27:01,1461.99,800,1461.99,U
sh600519,贵州茅台,10:27:04,1461.99,1400,1461.99,U
sh600519,贵州茅台,10:27:07,1461.08,1300,1461.99,E
sh600519,贵州茅台,10:27:10,1461.3,1000,1461.08,E
sh600519,贵州茅台,10:27:13,1461.08,1000,1461.3,D
sh600519,贵州茅台,10:27:16,1461.14,600,1461.08,U
sh600519,贵州茅台,10:27:19,1461.3,800,1461.14,U
sh600519,贵州茅台,10:27:22,1461.3,1100,1461.3,U
sh600519,贵州茅台,10:27:25,1461.59,500,1461.3,U
sh600519,贵州茅台,10:27:28,1461.08,1300,1461.59,D
sh600519,贵州茅台,10:27:31,1461.3,1100,1461.08,D
sh600519,贵州茅台,10:27:34,1462.36,300,1461.3,U
sh600519,贵州茅台,10:27:37,1462.14,600,1462.36,D
sh600519,贵州茅台,10:27:43,1462.44,200,1462.26,U
sh600519,贵州茅台,10:27:46,1462.29,400,1462.44,E
sh600519,贵州茅台,10:27:49,1462.77,1100,1462.29,U
sh600519,贵州茅台,10:27:52,1462.5,800,1462.77,D
sh600519,贵州茅台,10:27:55,1463.0,1100,1462.5,U
sh600519,贵州茅台,10:27:58,1464.0,7100,1463.0,U
sh600519,贵州茅台,10:28:01,1462.5,1100,1464.0,D
sh600519,贵州茅台,10:28:04,1464.0,1400,1462.5,U
sh600519,贵州茅台,10:28:07,1463.93,500,1464.0,U
sh600519,贵州茅台,10:28:10,1464.1,1800,1463.93,U
sh600519,贵州茅台,10:28:13,1464.0,2000,1464.1,U
sh600519,贵州茅台,10:28:16,1464.0,1600,1464.0,U
sh600519,贵州茅台,10:28:19,1464.0,1400,1464.0,D
sh600519,贵州茅台,10:28:22,1464.0,600,1464.0,D
sh600519,贵州茅台,10:28:25,1464.5,1300,1464.0,U
sh600519,贵州茅台,10:28:28,1464.65,1100,1464.5,U
sh600519,贵州茅台,10:28:31,1464.55,1100,1464.65,D
sh600519,贵州茅台,10:28:34,1464.69,1400,1464.55,U
sh600519,贵州茅台,10:28:37,1464.59,500,1464.69,D
sh600519,贵州茅台,10:28:40,1464.6,1100,1464.59,U
sh600519,贵州茅台,10:28:43,1464.66,800,1464.6,U
sh600519,贵州茅台,10:28:46,1464.65,1400,1464.66,D
sh600519,贵州茅台,10:28:49,1464.74,600,1464.65,U
sh600519,贵州茅台,10:28:52,1464.75,300,1464.74,E
sh600519,贵州茅台,10:28:55,1464.75,1800,1464.75,E
sh600519,贵州茅台,10:28:58,1464.87,1100,1464.75,U
sh600519,贵州茅台,10:29:01,1464.92,3200,1464.87,U
sh600519,贵州茅台,10:29:04,1464.88,2200,1464.92,U
sh600519,贵州茅台,10:29:07,1464.65,4100,1464.88,D
sh600519,贵州茅台,10:29:10,1465.0,11900,1464.65,U
sh600519,贵州茅台,10:29:13,1463.25,2400,1465.0,E
sh600519,贵州茅台,10:29:16,1464.76,600,1463.25,U
sh600519,贵州茅台,10:29:19,1464.69,500,1464.76,E
sh600519,贵州茅台,10:29:22,1464.45,600,1464.69,D
sh600519,贵州茅台,10:29:25,1463.96,400,1464.45,E
sh600519,贵州茅台,10:29:34,1464.02,400,1463.24,U
sh600519,贵州茅台,10:29:37,1463.5,1400,1464.02,E
sh600519,贵州茅台,10:29:40,1463.01,1500,1463.5,D
sh600519,贵州茅台,10:29:43,1463.24,1900,1463.01,U
sh600519,贵州茅台,10:29:46,1463.99,1200,1463.24,U
sh600519,贵州茅台,10:29:49,1463.23,1300,1463.99,D
sh600519,贵州茅台,10:29:52,1461.48,200,1463.23,E
sh600519,贵州茅台,10:29:55,1463.0,500,1461.48,E
sh600519,贵州茅台,10:29:58,1463.0,200,1463.0,U
sh600519,贵州茅台,10:30:04,1462.3,500,1463.24,D
sh600519,贵州茅台,10:30:07,1462.98,300,1462.3,U
sh600519,贵州茅台,10:30:10,1462.3,1500,1462.98,D
sh600519,贵州茅台,10:30:13,1462.3,1000,1462.3,U
sh600519,贵州茅台,10:30:16,1462.1,700,1462.3,D
sh600519,贵州茅台,10:30:19,1462.72,400,1462.1,U
sh600519,贵州茅台,10:30:22,1462.16,1200,1462.72,D
sh600519,贵州茅台,10:30:25,1463.0,600,1462.16,U
sh600519,贵州茅台,10:30:28,1462.27,500,1463.0,E
sh600519,贵州茅台,10:30:31,1463.01,600,1462.27,E
sh600519,贵州茅台,10:30:34,1463.02,200,1463.01,E
sh600519,贵州茅台,10:30:37,1462.9,1400,1463.02,D
sh600519,贵州茅台,10:30:40,1462.43,900,1462.9,E
sh600519,贵州茅台,10:30:43,1462.44,700,1462.43,E
sh600519,贵州茅台,10:30:46,1462.8,1000,1462.44,U
sh600519,贵州茅台,10:30:49,1462.93,700,1462.8,U
sh600519,贵州茅台,10:30:52,1462.95,700,1462.93,U
sh600519,贵州茅台,10:30:55,1463.01,1700,1462.95,U
sh600519,贵州茅台,10:31:01,1463.0,1800,1463.2,D
sh600519,贵州茅台,10:31:04,1463.0,1100,1463.0,U
sh600519,贵州茅台,10:31:07,1463.0,1800,1463.0,U
sh600519,贵州茅台,10:31:10,1462.58,2100,1463.0,D
sh600519,贵州茅台,10:31:13,1462.62,2000,1462.58,E
sh600519,贵州茅台,10:31:16,1462.6,3605,1462.62,E
sh600519,贵州茅台,10:31:19,1463.0,1300,1462.6,U
sh600519,贵州茅台,10:31:22,1463.0,1300,1463.0,D
sh600519,贵州茅台,10:31:25,1463.0,400,1463.0,E
sh600519,贵州茅台,10:31:28,1463.01,400,1463.0,E
sh600519,贵州茅台,10:31:37,1463.01,500,1463.5,D
sh600519,贵州茅台,10:31:40,1463.32,700,1463.01,E
sh600519,贵州茅台,10:31:43,1462.98,2200,1463.32,D
sh600519,贵州茅台,10:31:46,1463.0,2000,1462.98,D
sh600519,贵州茅台,10:31:49,1463.0,600,1463.0,U
sh600519,贵州茅台,10:31:52,1462.88,900,1463.0,D
sh600519,贵州茅台,10:31:55,1463.0,500,1462.88,U
sh600519,贵州茅台,10:31:58,1462.46,900,1463.0,D
sh600519,贵州茅台,10:32:01,1462.79,400,1462.46,U
sh600519,贵州茅台,10:32:04,1462.45,1100,1462.79,D
sh600519,贵州茅台,10:32:07,1462.8,600,1462.45,U
sh600519,贵州茅台,10:32:10,1462.8,500,1462.8,D
sh600519,贵州茅台,10:32:13,1462.52,2100,1462.8,D
sh600519,贵州茅台,10:32:19,1462.99,600,1462.45,U
sh600519,贵州茅台,10:32:22,1462.52,1500,1462.99,U
sh600519,贵州茅台,10:32:25,1462.01,800,1462.52,D
sh600519,贵州茅台,10:32:28,1462.0,700,1462.01,D
sh600519,贵州茅台,10:32:31,1461.3,500,1462.0,D
sh600519,贵州茅台,10:32:34,1461.2,400,1461.3,D
sh600519,贵州茅台,10:32:37,1461.02,600,1461.2,D
sh600519,贵州茅台,10:32:40,1461.01,600,1461.02,D
sh600519,贵州茅台,10:32:43,1461.02,1300,1461.01,U
sh600519,贵州茅台,10:32:46,1461.01,600,1461.02,E
sh600519,贵州茅台,10:32:52,1460.12,400,1460.13,D
sh600519,贵州茅台,10:32:55,1460.1,300,1460.12,D
sh600519,贵州茅台,10:32:58,1460.02,500,1460.1,D
sh600519,贵州茅台,10:33:01,1460.0,1100,1460.02,D
sh600519,贵州茅台,10:33:04,1460.0,1600,1460.0,D
sh600519,贵州茅台,10:33:07,1460.0,1600,1460.0,D
sh600519,贵州茅台,10:33:10,1459.79,600,1460.0,D
sh600519,贵州茅台,10:33:13,1459.5,200,1459.79,D
sh600519,贵州茅台,10:33:19,1459.05,400,1459.5,D
sh600519,贵州茅台,10:33:22,1459.49,700,1459.05,E
sh600519,贵州茅台,10:33:25,1459.5,1000,1459.49,U
sh600519,贵州茅台,10:33:28,1459.06,1000,1459.5,D
sh600519,贵州茅台,10:33:31,1459.68,400,1459.06,U
sh600519,贵州茅台,10:33:34,1459.06,600,1459.68,D
sh600519,贵州茅台,10:33:37,1459.05,300,1459.06,D
sh600519,贵州茅台,10:33:40,1459.06,500,1459.05,U
sh600519,贵州茅台,10:33:43,1459.07,400,1459.06,U
sh600519,贵州茅台,10:33:46,1459.05,200,1459.07,D
sh600519,贵州茅台,10:33:49,1459.05,500,1459.05,U
sh600519,贵州茅台,10:33:52,1459.04,700,1459.05,U
sh600519,贵州茅台,10:33:55,1459.0,600,1459.04,D
sh600519,贵州茅台,10:33:58,1459.05,500,1459.0,U
sh600519,贵州茅台,10:34:01,1459.0,500,1459.05,D
sh600519,贵州茅台,10:34:04,1458.73,1600,1459.0,D
sh600519,贵州茅台,10:34:07,1459.0,1100,1458.73,U
sh600519,贵州茅台,10:34:10,1459.0,300,1459.0,U
sh600519,贵州茅台,10:34:13,1458.77,300,1459.0,E
sh600519,贵州茅台,10:34:16,1458.93,400,1458.77,U
sh600519,贵州茅台,10:34:19,1458.74,300,1458.93,D
sh600519,贵州茅台,10:34:22,1458.02,700,1458.74,D
sh600519,贵州茅台,10:34:25,1457.61,1500,1458.02,D
sh600519,贵州茅台,10:34:28,1458.67,300,1457.61,U
sh600519,贵州茅台,10:34:31,1458.02,500,1458.67,D
sh600519,贵州茅台,10:34:37,1458.0,1100,1458.0,D
sh600519,贵州茅台,10:34:40,1457.99,400,1458.0,D
sh600519,贵州茅台,10:34:43,1457.55,500,1457.99,E
sh600519,贵州茅台,10:34:46,1457.99,400,1457.55,E
sh600519,贵州茅台,10:34:49,1457.55,200,1457.99,D
sh600519,贵州茅台,10:34:52,1457.54,400,1457.55,D
sh600519,贵州茅台,10:34:55,1457.53,400,1457.54,D
sh600519,贵州茅台,10:34:58,1458.0,2000,1457.53,U
sh600519,贵州茅台,10:35:01,1457.55,300,1458.0,E
sh600519,贵州茅台,10:35:04,1457.51,1000,1457.55,D
sh600519,贵州茅台,10:35:07,1457.52,1700,1457.51,D
sh600519,贵州茅台,10:35:10,1457.53,500,1457.52,U
sh600519,贵州茅台,10:35:13,1457.54,500,1457.53,U
sh600519,贵州茅台,10:35:19,1456.99,600,1457.54,E
sh600519,贵州茅台,10:35:22,1456.68,1600,1456.99,D
sh600519,贵州茅台,10:35:25,1457.55,1100,1456.68,U
sh600519,贵州茅台,10:35:28,1457.54,500,1457.55,D
sh600519,贵州茅台,10:35:31,1458.0,500,1457.54,U
sh600519,贵州茅台,10:35:34,1457.54,600,1458.0,D
sh600519,贵州茅台,10:35:37,1458.0,200,1457.54,U
sh600519,贵州茅台,10:35:40,1457.56,200,1458.0,D
sh600519,贵州茅台,10:35:43,1457.96,400,1457.56,D
sh600519,贵州茅台,10:35:46,1457.97,300,1457.96,E
sh600519,贵州茅台,10:35:49,1458.0,300,1457.97,U
sh600519,贵州茅台,10:35:52,1458.0,300,1458.0,D
sh600519,贵州茅台,10:35:55,1458.01,1300,1458.0,E
sh600519,贵州茅台,10:35:58,1458.0,1700,1458.01,D
sh600519,贵州茅台,10:36:01,1458.6,500,1458.0,U
sh600519,贵州茅台,10:36:04,1457.6,1700,1458.6,D
sh600519,贵州茅台,10:36:07,1457.54,2200,1457.6,D
sh600519,贵州茅台,10:36:10,1457.56,1000,1457.54,U
sh600519,贵州茅台,10:36:13,1457.95,500,1457.56,E
sh600519,贵州茅台,10:36:16,1458.0,400,1457.95,U
sh600519,贵州茅台,10:36:19,1457.1,600,1458.0,D
sh600519,贵州茅台,10:36:25,1457.56,200,1457.1,D
sh600519,贵州茅台,10:36:28,1457.56,600,1457.56,D
sh600519,贵州茅台,10:36:31,1458.0,400,1457.56,U
sh600519,贵州茅台,10:36:34,1458.0,900,1458.0,U
sh600519,贵州茅台,10:36:37,1458.0,200,1458.0,U
sh600519,贵州茅台,10:36:40,1457.56,200,1458.0,U
sh600519,贵州茅台,10:36:43,1458.0,400,1457.56,U
sh600519,贵州茅台,10:36:46,1457.56,300,1458.0,D
sh600519,贵州茅台,10:36:49,1458.0,400,1457.56,U
sh600519,贵州茅台,10:36:52,1458.0,400,1458.0,U
sh600519,贵州茅台,10:36:55,1458.0,2100,1458.0,U
sh600519,贵州茅台,10:36:58,1458.5,600,1458.0,U
sh600519,贵州茅台,10:37:01,1458.01,500,1458.5,D
sh600519,贵州茅台,10:37:07,1458.01,900,1458.01,D
sh600519,贵州茅台,10:37:10,1458.04,900,1458.01,E
sh600519,贵州茅台,10:37:16,1458.01,800,1458.04,D
sh600519,贵州茅台,10:37:19,1457.8,2100,1458.01,D
sh600519,贵州茅台,10:37:22,1457.2,1400,1457.8,D
sh600519,贵州茅台,10:37:25,1457.22,800,1457.2,U
sh600519,贵州茅台,10:37:28,1457.25,200,1457.22,U
sh600519,贵州茅台,10:37:31,1457.04,400,1457.25,D
sh600519,贵州茅台,10:37:34,1457.77,200,1457.04,U
sh600519,贵州茅台,10:37:37,1457.02,800,1457.77,D
sh600519,贵州茅台,10:37:40,1457.01,500,1457.02,D
sh600519,贵州茅台,10:37:43,1457.04,500,1457.01,D
sh600519,贵州茅台,10:37:46,1457.02,900,1457.04,D
sh600519,贵州茅台,10:37:49,1456.97,600,1457.02,D
sh600519,贵州茅台,10:37:52,1456.79,500,1456.97,D
sh600519,贵州茅台,10:37:55,1456.79,200,1456.79,D
sh600519,贵州茅台,10:37:58,1456.78,600,1456.79,D
sh600519,贵州茅台,10:38:01,1456.83,200,1456.78,U
sh600519,贵州茅台,10:38:04,1456.48,1100,1456.83,D
sh600519,贵州茅台,10:38:07,1456.05,1600,1456.48,D
sh600519,贵州茅台,10:38:10,1457.0,3100,1456.05,U
sh600519,贵州茅台,10:38:13,1457.01,2200,1457.0,U
sh600519,贵州茅台,10:38:16,1457.0,1300,1457.01,D
sh600519,贵州茅台,10:38:19,1457.98,500,1457.0,U
sh600519,贵州茅台,10:38:22,1457.79,200,1457.98,D
sh600519,贵州茅台,10:38:25,1457.77,2500,1457.79,D
sh600519,贵州茅台,10:38:28,1458.0,1200,1457.77,U
sh600519,贵州茅台,10:38:31,1458.04,3100,1458.0,U
sh600519,贵州茅台,10:38:34,1458.04,700,1458.04,E
sh600519,贵州茅台,10:38:37,1458.0,200,1458.04,E
sh600519,贵州茅台,10:38:40,1458.61,500,1458.0,U
sh600519,贵州茅台,10:38:49,1458.0,600,1458.67,D
sh600519,贵州茅台,10:38:52,1458.02,200,1458.0,E
sh600519,贵州茅台,10:38:58,1458.77,300,1458.77,D
sh600519,贵州茅台,10:39:01,1458.77,200,1458.77,E
sh600519,贵州茅台,10:39:04,1458.77,400,1458.77,E
sh600519,贵州茅台,10:39:07,1458.0,2500,1458.77,D
sh600519,贵州茅台,10:39:10,1458.0,1000,1458.0,U
sh600519,贵州茅台,10:39:13,1457.83,1600,1458.0,D
sh600519,贵州茅台,10:39:16,1457.84,600,1457.83,U
sh600519,贵州茅台,10:39:19,1457.5,500,1457.84,D
sh600519,贵州茅台,10:39:25,1457.51,400,1457.86,D
sh600519,贵州茅台,10:39:28,1457.88,200,1457.51,U
sh600519,贵州茅台,10:39:34,1458.0,300,1457.88,U
sh600519,贵州茅台,10:39:37,1457.51,400,1458.0,E
sh600519,贵州茅台,10:39:40,1458.02,2600,1457.51,U
sh600519,贵州茅台,10:39:43,1458.03,200,1458.02,D
sh600519,贵州茅台,10:39:49,1458.54,200,1458.03,E
sh600519,贵州茅台,10:39:55,1458.52,300,1458.04,U
sh600519,贵州茅台,10:39:58,1458.0,1700,1458.52,D
sh600519,贵州茅台,10:40:01,1458.0,3500,1458.0,D
sh600519,贵州茅台,10:40:04,1458.0,4800,1458.0,D
sh600519,贵州茅台,10:40:07,1457.2,3300,1458.0,D
sh600519,贵州茅台,10:40:10,1457.5,900,1457.2,U
sh600519,贵州茅台,10:40:13,1458.0,1400,1457.5,U
sh600519,贵州茅台,10:40:16,1458.0,500,1458.0,U
sh600519,贵州茅台,10:40:19,1458.0,300,1458.0,E
sh600519,贵州茅台,10:40:22,1457.55,1600,1458.0,D
sh600519,贵州茅台,10:40:25,1457.6,900,1457.55,E
sh600519,贵州茅台,10:40:28,1457.55,1000,1457.6,D
sh600519,贵州茅台,10:40:31,1457.57,1000,1457.55,U
sh600519,贵州茅台,10:40:34,1457.12,900,1457.57,D
sh600519,贵州茅台,10:40:37,1457.51,500,1457.12,E
sh600519,贵州茅台,10:40:40,1457.49,800,1457.51,D
sh600519,贵州茅台,10:40:43,1457.1,1000,1457.49,D
sh600519,贵州茅台,10:40:46,1457.12,300,1457.1,E
sh600519,贵州茅台,10:40:49,1457.15,600,1457.12,E
sh600519,贵州茅台,10:40:52,1457.1,1000,1457.15,D
sh600519,贵州茅台,10:40:55,1457.1,600,1457.1,D
sh600519,贵州茅台,10:40:58,1457.11,400,1457.1,D
sh600519,贵州茅台,10:41:01,1457.11,800,1457.11,D
sh600519,贵州茅台,10:41:04,1457.11,800,1457.11,D
sh600519,贵州茅台,10:41:07,1457.1,700,1457.11,D
sh600519,贵州茅台,10:41:10,1457.1,200,1457.1,E
sh600519,贵州茅台,10:41:13,1457.11,700,1457.1,U
sh600519,贵州茅台,10:41:16,1457.11,1000,1457.11,D
sh600519,贵州茅台,10:41:19,1457.06,500,1457.11,E
sh600519,贵州茅台,10:41:22,1457.11,300,1457.06,U
sh600519,贵州茅台,10:41:25,1457.11,200,1457.11,E
sh600519,贵州茅台,10:41:28,1457.55,300,1457.11,D
sh600519,贵州茅台,10:41:31,1457.55,400,1457.55,E
sh600519,贵州茅台,10:41:34,1457.99,600,1457.55,U
sh600519,贵州茅台,10:41:37,1457.99,190,1457.99,D
sh600519,贵州茅台,10:41:43,1457.99,610,1457.99,D
sh600519,贵州茅台,10:41:46,1457.99,200,1457.99,U
sh600519,贵州茅台,10:41:49,1457.99,200,1457.99,U
sh600519,贵州茅台,10:41:52,1458.0,200,1457.99,U
sh600519,贵州茅台,10:41:58,1457.85,1100,1457.99,D
sh600519,贵州茅台,10:42:01,1457.87,700,1457.85,U
sh600519,贵州茅台,10:42:04,1457.87,400,1457.87,D
sh600519,贵州茅台,10:42:13,1457.86,200,1457.85,E
sh600519,贵州茅台,10:42:16,1457.87,200,1457.86,U
sh600519,贵州茅台,10:42:25,1457.99,1400,1457.87,U
sh600519,贵州茅台,10:42:28,1458.55,3690,1457.99,U
sh600519,贵州茅台,10:42:34,1458.58,300,1458.05,U
sh600519,贵州茅台,10:42:40,1458.77,600,1458.58,U
sh600519,贵州茅台,10:42:43,1458.77,700,1458.77,U
sh600519,贵州茅台,10:42:46,1458.77,300,1458.77,U
sh600519,贵州茅台,10:42:49,1458.77,300,1458.77,U
sh600519,贵州茅台,10:42:52,1458.88,200,1458.77,U
sh600519,贵州茅台,10:42:55,1458.99,500,1458.88,U
sh600519,贵州茅台,10:42:58,1459.0,1000,1458.99,U
sh600519,贵州茅台,10:43:01,1459.68,1400,1459.0,U
sh600519,贵州茅台,10:43:04,1459.04,600,1459.68,D
sh600519,贵州茅台,10:43:10,1459.86,700,1459.04,U
sh600519,贵州茅台,10:43:13,1459.88,500,1459.86,U
sh600519,贵州茅台,10:43:16,1460.0,1500,1459.88,U
sh600519,贵州茅台,10:43:19,1459.93,1400,1460.0,E
sh600519,贵州茅台,10:43:22,1460.13,1300,1459.93,U
sh600519,贵州茅台,10:43:25,1461.0,500,1460.13,U
sh600519,贵州茅台,10:43:31,1460.84,300,1461.0,E
sh600519,贵州茅台,10:43:34,1461.05,200,1460.84,U
sh600519,贵州茅台,10:43:37,1461.2,300,1461.05,U
sh600519,贵州茅台,10:43:40,1461.0,1000,1461.2,D
sh600519,贵州茅台,10:43:43,1461.0,400,1461.0,U
sh600519,贵州茅台,10:43:52,1461.77,300,1461.2,U
sh600519,贵州茅台,10:43:55,1461.2,400,1461.77,D
sh600519,贵州茅台,10:43:58,1461.9,1200,1461.2,E
sh600519,贵州茅台,10:44:01,1461.9,1100,1461.9,D
sh600519,贵州茅台,10:44:04,1460.82,1600,1461.9,D
sh600519,贵州茅台,10:44:07,1460.08,1100,1460.82,D
sh600519,贵州茅台,10:44:10,1460.02,200,1460.08,D
sh600519,贵州茅台,10:44:25,1460.08,600,1460.08,U
sh600519,贵州茅台,10:44:28,1460.08,500,1460.08,U
sh600519,贵州茅台,10:44:37,1460.09,500,1461.0,D
sh600519,贵州茅台,10:44:40,1460.09,800,1460.09,U
sh600519,贵州茅台,10:44:46,1460.09,300,1460.09,U
sh600519,贵州茅台,10:44:49,1460.1,200,1460.09,U
sh600519,贵州茅台,10:44:55,1460.08,200,1460.1,D
sh600519,贵州茅台,10:44:58,1460.09,200,1460.08,D
sh600519,贵州茅台,10:45:01,1459.01,1900,1460.09,D
sh600519,贵州茅台,10:45:04,1458.77,900,1459.01,D
sh600519,贵州茅台,10:45:07,1458.03,300,1458.77,E
sh600519,贵州茅台,10:45:13,1458.0,400,1458.04,D
sh600519,贵州茅台,10:45:19,1458.07,900,1458.0,E
sh600519,贵州茅台,10:45:28,1459.02,300,1459.02,D
sh600519,贵州茅台,10:45:31,1459.02,600,1459.02,D
sh600519,贵州茅台,10:45:37,1459.02,400,1459.01,U
sh600519,贵州茅台,10:45:40,1459.02,300,1459.02,U
sh600519,贵州茅台,10:45:46,1459.02,300,1459.02,U
sh600519,贵州茅台,10:45:55,1459.0,300,1459.02,U
sh600519,贵州茅台,10:46:01,1458.2,500,1459.0,D
sh600519,贵州茅台,10:46:04,1458.14,200,1458.2,D
sh600519,贵州茅台,10:46:07,1457.24,2300,1458.14,D
sh600519,贵州茅台,10:46:10,1457.5,1500,1457.24,E
sh600519,贵州茅台,10:46:13,1457.22,400,1457.5,E
sh600519,贵州茅台,10:46:19,1457.99,900,1457.82,U
sh600519,贵州茅台,10:46:25,1458.0,200,1457.99,D
sh600519,贵州茅台,10:46:34,1459.0,500,1458.0,U
sh600519,贵州茅台,10:46:37,1459.0,200,1459.0,U
sh600519,贵州茅台,10:46:40,1458.72,200,1459.0,U
sh600519,贵州茅台,10:46:43,1459.0,700,1458.72,U
sh600519,贵州茅台,10:46:49,1458.08,600,1458.09,D
sh600519,贵州茅台,10:46:52,1458.97,300,1458.08,U
sh600519,贵州茅台,10:46:58,1458.07,200,1458.97,D
sh600519,贵州茅台,10:47:07,1457.5,2500,1458.07,D
sh600519,贵州茅台,10:47:10,1458.05,800,1457.5,U
sh600519,贵州茅台,10:47:13,1458.06,200,1458.05,U
sh600519,贵州茅台,10:47:16,1458.0,300,1458.06,E
sh600519,贵州茅台,10:47:22,1458.03,500,1458.0,U
sh600519,贵州茅台,10:47:28,1457.71,600,1458.03,D
sh600519,贵州茅台,10:47:37,1457.96,300,1457.71,U
sh600519,贵州茅台,10:47:40,1458.02,400,1457.96,U
sh600519,贵州茅台,10:47:49,1458.07,500,1457.96,U
sh600519,贵州茅台,10:47:55,1458.12,1400,1457.96,U
sh600519,贵州茅台,10:47:58,1457.96,300,1458.12,D
sh600519,贵州茅台,10:48:04,1458.08,600,1458.08,D
sh600519,贵州茅台,10:48:07,1457.96,1000,1458.08,D
sh600519,贵州茅台,10:48:10,1458.0,1700,1457.96,U
sh600519,贵州茅台,10:48:13,1457.96,700,1458.0,E
sh600519,贵州茅台,10:48:16,1457.88,500,1457.96,E
sh600519,贵州茅台,10:48:19,1457.46,300,1457.88,D
sh600519,贵州茅台,10:48:22,1458.0,700,1457.46,U
sh600519,贵州茅台,10:48:31,1457.97,500,1458.06,D
sh600519,贵州茅台,10:48:34,1458.13,400,1457.97,U
sh600519,贵州茅台,10:48:37,1458.15,300,1458.13,U
sh600519,贵州茅台,10:48:43,1458.16,600,1458.16,D
sh600519,贵州茅台,10:48:46,1458.2,400,1458.16,U
sh600519,贵州茅台,10:48:52,1458.17,500,1458.2,D
sh600519,贵州茅台,10:48:55,1458.26,500,1458.17,U
sh600519,贵州茅台,10:48:58,1458.29,300,1458.26,U
sh600519,贵州茅台,10:49:01,1458.31,900,1458.29,U
sh600519,贵州茅台,10:49:04,1458.29,300,1458.31,D
sh600519,贵州茅台,10:49:07,1458.99,300,1458.29,U
sh600519,贵州茅台,10:49:10,1458.98,300,1458.99,U
sh600519,贵州茅台,10:49:16,1459.06,1000,1458.98,U
sh600519,贵州茅台,10:49:22,1459.06,300,1459.06,D
sh600519,贵州茅台,10:49:25,1458.99,700,1459.06,D
sh600519,贵州茅台,10:49:28,1459.08,200,1458.99,U
sh600519,贵州茅台,10:49:37,1459.08,600,1459.08,D
sh600519,贵州茅台,10:49:40,1459.41,400,1459.08,E
sh600519,贵州茅台,10:49:43,1459.0,400,1459.41,D
sh600519,贵州茅台,10:49:46,1459.1,200,1459.0,E
sh600519,贵州茅台,10:49:52,1458.74,1600,1459.1,D
sh600519,贵州茅台,10:49:55,1458.74,800,1458.74,U
sh600519,贵州茅台,10:49:58,1458.67,1000,1458.74,E
sh600519,贵州茅台,10:50:01,1458.74,700,1458.67,U
sh600519,贵州茅台,10:50:04,1458.0,2400,1458.74,D
sh600519,贵州茅台,10:50:07,1458.48,800,1458.0,U
sh600519,贵州茅台,10:50:10,1458.39,200,1458.48,D
sh600519,贵州茅台,10:50:13,1458.38,200,1458.39,D
sh600519,贵州茅台,10:50:16,1458.38,400,1458.38,D
sh600519,贵州茅台,10:50:19,1458.39,800,1458.38,U
sh600519,贵州茅台,10:50:22,1458.36,300,1458.39,D
sh600519,贵州茅台,10:50:28,1458.37,800,1458.36,D
sh600519,贵州茅台,10:50:31,1458.36,400,1458.37,E
sh600519,贵州茅台,10:50:34,1458.35,700,1458.36,D
sh600519,贵州茅台,10:50:37,1458.0,700,1458.35,D
sh600519,贵州茅台,10:50:40,1458.0,200,1458.0,D
sh600519,贵州茅台,10:50:43,1458.0,200,1458.0,D
sh600519,贵州茅台,10:50:46,1458.0,200,1458.0,D
sh600519,贵州茅台,10:50:55,1458.0,700,1458.0,D
sh600519,贵州茅台,10:50:58,1458.0,200,1458.0,D
sh600519,贵州茅台,10:51:01,1458.01,700,1458.0,E
sh600519,贵州茅台,10:51:04,1458.01,600,1458.01,D
sh600519,贵州茅台,10:51:10,1458.03,200,1458.32,D
sh600519,贵州茅台,10:51:22,1458.03,700,1458.03,D
sh600519,贵州茅台,10:51:25,1458.02,500,1458.03,D
sh600519,贵州茅台,10:51:28,1458.02,200,1458.02,D
sh600519,贵州茅台,10:51:31,1458.02,1500,1458.02,D
sh600519,贵州茅台,10:51:34,1457.86,1500,1458.02,D
sh600519,贵州茅台,10:51:37,1457.88,300,1457.86,U
sh600519,贵州茅台,10:51:43,1457.91,200,1457.88,E
sh600519,贵州茅台,10:52:01,1458.0,1300,1458.0,D
sh600519,贵州茅台,10:52:04,1458.0,400,1458.0,U
sh600519,贵州茅台,10:52:07,1457.49,200,1458.0,D
sh600519,贵州茅台,10:52:10,1457.98,500,1457.49,U
sh600519,贵州茅台,10:52:19,1457.5,300,1457.98,D
sh600519,贵州茅台,10:52:22,1457.9,200,1457.5,U
sh600519,贵州茅台,10:52:25,1457.5,1400,1457.9,D
sh600519,贵州茅台,10:52:28,1457.45,1200,1457.5,D
sh600519,贵州茅台,10:52:31,1457.5,200,1457.45,U
sh600519,贵州茅台,10:52:37,1457.46,400,1457.5,D
sh600519,贵州茅台,10:52:40,1457.46,300,1457.46,U
sh600519,贵州茅台,10:52:43,1457.48,1200,1457.46,U
sh600519,贵州茅台,10:52:46,1457.45,700,1457.48,D
sh600519,贵州茅台,10:52:49,1457.46,400,1457.45,E
sh600519,贵州茅台,10:52:55,1457.46,1500,1457.46,D
sh600519,贵州茅台,10:52:58,1457.48,300,1457.46,U
sh600519,贵州茅台,10:53:01,1457.44,700,1457.48,D
sh600519,贵州茅台,10:53:04,1457.28,500,1457.44,D
sh600519,贵州茅台,10:53:07,1457.27,300,1457.28,D
sh600519,贵州茅台,10:53:19,1457.28,200,1457.27,D
sh600519,贵州茅台,10:53:25,1457.28,200,1457.44,E
sh600519,贵州茅台,10:53:28,1457.27,400,1457.28,D
sh600519,贵州茅台,10:53:31,1457.4,300,1457.27,E
sh600519,贵州茅台,10:53:37,1457.32,400,1457.3,E
sh600519,贵州茅台,10:53:40,1457.31,400,1457.32,D
sh600519,贵州茅台,10:53:43,1457.4,400,1457.31,E
sh600519,贵州茅台,10:53:46,1457.31,300,1457.4,D
sh600519,贵州茅台,10:54:01,1457.34,300,1457.31,U
sh600519,贵州茅台,10:54:04,1457.29,1100,1457.34,D
sh600519,贵州茅台,10:54:07,1457.31,1400,1457.29,U
sh600519,贵州茅台,10:54:10,1457.3,300,1457.31,U
sh600519,贵州茅台,10:54:13,1457.3,1500,1457.3,U
sh600519,贵州茅台,10:54:16,1457.0,300,1457.3,D
sh600519,贵州茅台,10:54:19,1456.82,1100,1457.0,D
sh600519,贵州茅台,10:54:22,1456.02,1700,1456.82,D
sh600519,贵州茅台,10:54:25,1456.0,1500,1456.02,D
sh600519,贵州茅台,10:54:28,1455.88,1400,1456.0,D
sh600519,贵州茅台,10:54:31,1455.88,400,1455.88,D
sh600519,贵州茅台,10:54:34,1455.88,800,1455.88,D
sh600519,贵州茅台,10:54:37,1455.87,1100,1455.88,D
sh600519,贵州茅台,10:54:43,1455.59,800,1455.7,D
sh600519,贵州茅台,10:54:46,1455.71,300,1455.59,D
sh600519,贵州茅台,10:54:49,1455.71,200,1455.71,D
sh600519,贵州茅台,10:54:52,1455.85,300,1455.71,U
sh600519,贵州茅台,10:54:55,1455.87,700,1455.85,U
sh600519,贵州茅台,10:55:01,1455.86,400,1455.86,D
sh600519,贵州茅台,10:55:04,1456.0,400,1455.86,U
sh600519,贵州茅台,10:55:07,1455.87,700,1456.0,D
sh600519,贵州茅台,10:55:10,1455.86,300,1455.87,D
sh600519,贵州茅台,10:55:13,1455.86,400,1455.86,U
sh600519,贵州茅台,10:55:16,1455.85,1100,1455.86,D
sh600519,贵州茅台,10:55:19,1455.99,300,1455.85,U
sh600519,贵州茅台,10:55:22,1456.0,300,1455.99,U
sh600519,贵州茅台,10:55:28,1456.19,200,1456.0,U
sh600519,贵州茅台,10:55:31,1455.88,300,1456.19,D
sh600519,贵州茅台,10:55:34,1455.88,300,1455.88,U
sh600519,贵州茅台,10:55:40,1455.88,400,1455.89,D
sh600519,贵州茅台,10:55:43,1456.2,200,1455.88,U
sh600519,贵州茅台,10:55:49,1456.64,1100,1456.2,E
sh600519,贵州茅台,10:55:52,1456.64,500,1456.64,E
sh600519,贵州茅台,10:56:01,1456.03,900,1456.6,D
sh600519,贵州茅台,10:56:04,1456.02,600,1456.03,D
sh600519,贵州茅台,10:56:07,1456.03,300,1456.02,U
sh600519,贵州茅台,10:56:13,1456.01,700,1456.02,D
sh600519,贵州茅台,10:56:16,1456.01,200,1456.01,D
sh600519,贵州茅台,10:56:19,1456.01,700,1456.01,D
sh600519,贵州茅台,10:56:22,1456.02,200,1456.01,E
sh600519,贵州茅台,10:56:28,1456.03,400,1456.01,U
sh600519,贵州茅台,10:56:34,1456.03,600,1456.03,D
sh600519,贵州茅台,10:56:37,1456.03,1400,1456.03,D
sh600519,贵州茅台,10:56:40,1456.51,300,1456.03,E
sh600519,贵州茅台,10:56:52,1456.59,500,1456.6,D
sh600519,贵州茅台,10:56:55,1456.6,300,1456.59,U
sh600519,贵州茅台,10:56:58,1456.65,400,1456.6,U
sh600519,贵州茅台,10:57:01,1457.0,400,1456.65,U
sh600519,贵州茅台,10:57:13,1457.0,200,1457.0,U
sh600519,贵州茅台,10:57:16,1457.0,500,1457.0,U
sh600519,贵州茅台,10:57:25,1456.99,400,1456.99,D
sh600519,贵州茅台,10:57:28,1456.99,1000,1456.99,D
sh600519,贵州茅台,10:57:31,1456.99,600,1456.99,U
sh600519,贵州茅台,10:57:34,1456.99,200,1456.99,U
sh600519,贵州茅台,10:57:37,1456.62,500,1456.99,D
sh600519,贵州茅台,10:57:40,1456.99,200,1456.62,U
sh600519,贵州茅台,10:57:43,1456.99,400,1456.99,U
sh600519,贵州茅台,10:58:10,1456.62,800,1456.97,D
sh600519,贵州茅台,10:58:13,1456.64,400,1456.62,U
sh600519,贵州茅台,10:58:22,1456.63,500,1456.94,D
sh600519,贵州茅台,10:58:28,1456.61,900,1456.63,D
sh600519,贵州茅台,10:58:31,1456.64,1200,1456.61,E
sh600519,贵州茅台,10:58:37,1456.64,500,1456.16,U
sh600519,贵州茅台,10:58:43,1456.17,600,1456.64,D
sh600519,贵州茅台,10:58:49,1456.16,900,1456.63,D
sh600519,贵州茅台,10:58:52,1456.2,300,1456.16,D
sh600519,贵州茅台,10:58:55,1456.59,200,1456.2,D
sh600519,贵州茅台,10:58:58,1456.59,200,1456.59,D
sh600519,贵州茅台,10:59:01,1456.64,200,1456.59,U
sh600519,贵州茅台,10:59:07,1456.6,500,1456.59,D
sh600519,贵州茅台,10:59:10,1456.9,300,1456.6,U
sh600519,贵州茅台,10:59:13,1457.3,2500,1456.9,U
sh600519,贵州茅台,10:59:16,1457.43,1200,1457.3,U
sh600519,贵州茅台,10:59:19,1457.45,200,1457.43,U
sh600519,贵州茅台,10:59:22,1457.51,1300,1457.45,U
sh600519,贵州茅台,10:59:25,1457.0,300,1457.51,D
sh600519,贵州茅台,10:59:28,1457.0,1100,1457.0,D
sh600519,贵州茅台,10:59:31,1457.0,300,1457.0,U
sh600519,贵州茅台,10:59:37,1457.45,6500,1456.99,U
sh600519,贵州茅台,10:59:40,1457.45,400,1457.45,U
sh600519,贵州茅台,10:59:43,1457.45,1700,1457.45,U
sh600519,贵州茅台,10:59:46,1458.05,700,1457.45,U
sh600519,贵州茅台,10:59:49,1458.38,800,1458.05,U
sh600519,贵州茅台,10:59:52,1458.58,900,1458.38,U
sh600519,贵州茅台,10:59:55,1457.74,1300,1458.58,D
sh600519,贵州茅台,10:59:58,1458.89,600,1457.74,U
sh600519,贵州茅台,11:00:01,1458.05,400,1458.89,E
sh600519,贵州茅台,11:00:04,1457.03,500,1458.05,D
sh600519,贵州茅台,11:00:07,1456.99,600,1457.03,D
sh600519,贵州茅台,11:00:10,1456.65,300,1456.99,D
sh600519,贵州茅台,11:00:13,1457.04,200,1456.65,U
sh600519,贵州茅台,11:00:16,1457.04,300,1457.04,U
sh600519,贵州茅台,11:00:25,1457.03,500,1457.0,U
sh600519,贵州茅台,11:00:28,1457.04,500,1457.03,U
sh600519,贵州茅台,11:00:37,1457.72,1000,1457.04,U
sh600519,贵州茅台,11:00:43,1457.71,300,1457.72,U
sh600519,贵州茅台,11:00:46,1457.71,200,1457.71,U
sh600519,贵州茅台,11:00:49,1457.07,200,1457.71,D
sh600519,贵州茅台,11:00:52,1457.71,400,1457.07,U
sh600519,贵州茅台,11:00:55,1458.44,200,1457.71,E
sh600519,贵州茅台,11:00:58,1457.72,500,1458.44,E
sh600519,贵州茅台,11:01:01,1457.71,400,1457.72,D
sh600519,贵州茅台,11:01:04,1457.7,500,1457.71,D
sh600519,贵州茅台,11:01:07,1457.09,200,1457.7,D
sh600519,贵州茅台,11:01:10,1457.07,300,1457.09,D
sh600519,贵州茅台,11:01:13,1457.09,200,1457.07,U
sh600519,贵州茅台,11:01:19,1457.08,200,1457.09,D
sh600519,贵州茅台,11:01:22,1457.08,200,1457.08,D
sh600519,贵州茅台,11:01:28,1457.06,300,1457.07,D
sh600519,贵州茅台,11:01:34,1457.0,400,1457.06,D
sh600519,贵州茅台,11:01:37,1456.97,1000,1457.0,D
sh600519,贵州茅台,11:01:46,1456.99,700,1456.82,U
sh600519,贵州茅台,11:01:55,1456.72,300,1456.99,D
sh600519,贵州茅台,11:02:01,1456.71,300,1456.72,D
sh600519,贵州茅台,11:02:04,1456.62,1600,1456.71,D
sh600519,贵州茅台,11:02:07,1456.18,200,1456.62,D
sh600519,贵州茅台,11:02:22,1456.59,300,1456.19,E
sh600519,贵州茅台,11:02:25,1456.62,400,1456.59,U
sh600519,贵州茅台,11:02:31,1456.62,300,1456.62,D
sh600519,贵州茅台,11:02:37,1456.17,200,1456.58,D
sh600519,贵州茅台,11:02:40,1456.0,600,1456.17,D
sh600519,贵州茅台,11:02:49,1456.0,400,1456.0,D
sh600519,贵州茅台,11:02:55,1455.7,3000,1456.0,D
sh600519,贵州茅台,11:02:58,1455.16,900,1455.7,D
sh600519,贵州茅台,11:03:01,1455.02,700,1455.16,D
sh600519,贵州茅台,11:03:04,1455.02,1400,1455.02,D
sh600519,贵州茅台,11:03:07,1455.02,4900,1455.02,U
sh600519,贵州茅台,11:03:10,1455.08,700,1455.02,U
sh600519,贵州茅台,11:03:13,1454.97,400,1455.08,U
sh600519,贵州茅台,11:03:19,1454.29,900,1454.3,D
sh600519,贵州茅台,11:03:22,1454.29,500,1454.29,D
sh600519,贵州茅台,11:03:28,1454.31,300,1454.95,E
sh600519,贵州茅台,11:03:34,1454.33,400,1454.31,E
sh600519,贵州茅台,11:03:37,1454.32,500,1454.33,D
sh600519,贵州茅台,11:03:43,1454.5,300,1454.32,D
sh600519,贵州茅台,11:03:46,1454.85,500,1454.5,U
sh600519,贵州茅台,11:03:49,1454.55,200,1454.85,D
sh600519,贵州茅台,11:03:52,1454.81,200,1454.55,E
sh600519,贵州茅台,11:04:01,1454.56,200,1454.81,E
sh600519,贵州茅台,11:04:07,1454.81,200,1454.81,U
sh600519,贵州茅台,11:04:10,1454.82,300,1454.81,E
sh600519,贵州茅台,11:04:13,1455.0,1600,1454.82,U
sh600519,贵州茅台,11:04:16,1455.09,400,1455.0,U
sh600519,贵州茅台,11:04:19,1455.69,400,1455.09,U
sh600519,贵州茅台,11:04:28,1455.69,200,1455.69,U
sh600519,贵州茅台,11:04:40,1455.74,400,1455.55,U
sh600519,贵州茅台,11:05:04,1455.32,200,1455.32,D
sh600519,贵州茅台,11:05:07,1455.31,300,1455.32,D
sh600519,贵州茅台,11:05:10,1455.33,600,1455.31,E
sh600519,贵州茅台,11:05:13,1455.33,200,1455.33,D
sh600519,贵州茅台,11:05:16,1455.31,1100,1455.33,D
sh600519,贵州茅台,11:05:19,1455.15,700,1455.31,D
sh600519,贵州茅台,11:05:25,1455.15,300,1455.29,D
sh600519,贵州茅台,11:05:34,1455.29,200,1455.28,U
sh600519,贵州茅台,11:05:40,1455.18,200,1455.29,E
sh600519,贵州茅台,11:05:43,1455.29,1200,1455.18,E
sh600519,贵州茅台,11:05:46,1455.29,300,1455.29,E
sh600519,贵州茅台,11:05:49,1455.44,500,1455.29,U
sh600519,贵州茅台,11:05:55,1455.02,500,1455.44,D
sh600519,贵州茅台,11:06:01,1455.19,400,1455.03,U
sh600519,贵州茅台,11:06:04,1455.28,300,1455.19,U
sh600519,贵州茅台,11:06:13,1455.44,200,1455.29,U
sh600519,贵州茅台,11:06:19,1455.44,500,1455.43,U
sh600519,贵州茅台,11:06:25,1455.45,400,1455.44,U
sh600519,贵州茅台,11:06:55,1455.49,400,1455.49,U
sh600519,贵州茅台,11:07:01,1455.67,900,1455.49,U
sh600519,贵州茅台,11:07:04,1455.57,200,1455.67,D
sh600519,贵州茅台,11:07:13,1455.67,300,1455.66,U
sh600519,贵州茅台,11:07:19,1455.68,600,1455.67,U
sh600519,贵州茅台,11:07:46,1455.68,700,1455.66,U
sh600519,贵州茅台,11:07:49,1455.65,300,1455.68,D
sh600519,贵州茅台,11:07:52,1455.72,300,1455.65,U
sh600519,贵州茅台,11:08:07,1456.0,400,1455.74,U
sh600519,贵州茅台,11:08:13,1456.0,300,1456.0,U
sh600519,贵州茅台,11:08:19,1456.5,200,1456.0,U
sh600519,贵州茅台,11:08:25,1456.51,200,1456.0,U
sh600519,贵州茅台,11:08:31,1456.51,200,1456.51,U
sh600519,贵州茅台,11:08:40,1456.53,300,1456.51,U
sh600519,贵州茅台,11:08:43,1456.65,900,1456.53,U
sh600519,贵州茅台,11:08:46,1456.8,500,1456.65,U
sh600519,贵州茅台,11:08:49,1457.0,200,1456.8,U
sh600519,贵州茅台,11:08:52,1457.0,200,1457.0,U
sh600519,贵州茅台,11:09:01,1457.08,700,1456.98,U
sh600519,贵州茅台,11:09:04,1457.09,700,1457.08,U
sh600519,贵州茅台,11:09:16,1457.1,400,1457.03,E
sh600519,贵州茅台,11:09:19,1457.38,200,1457.1,U
sh600519,贵州茅台,11:09:22,1457.5,1900,1457.38,U
sh600519,贵州茅台,11:09:25,1457.02,600,1457.5,D
sh600519,贵州茅台,11:09:31,1457.5,200,1457.02,U
sh600519,贵州茅台,11:09:34,1457.73,700,1457.5,U
sh600519,贵州茅台,11:09:46,1458.0,300,1457.99,U
sh600519,贵州茅台,11:09:58,1458.0,300,1458.0,U
sh600519,贵州茅台,11:10:28,1457.97,400,1457.99,E
sh600519,贵州茅台,11:10:31,1457.83,300,1457.97,D
sh600519,贵州茅台,11:10:34,1457.82,500,1457.83,D
sh600519,贵州茅台,11:10:37,1457.83,200,1457.82,U
sh600519,贵州茅台,11:10:43,1457.83,300,1457.82,U
sh600519,贵州茅台,11:10:46,1457.82,300,1457.83,D
sh600519,贵州茅台,11:11:04,1457.82,700,1457.85,D
sh600519,贵州茅台,11:11:07,1457.7,1000,1457.82,D
sh600519,贵州茅台,11:11:10,1457.7,200,1457.7,D
sh600519,贵州茅台,11:11:13,1457.69,200,1457.7,D
sh600519,贵州茅台,11:11:16,1457.68,200,1457.69,D
sh600519,贵州茅台,11:11:19,1457.63,300,1457.68,D
sh600519,贵州茅台,11:11:22,1457.69,1500,1457.63,U
sh600519,贵州茅台,11:11:25,1457.69,900,1457.69,U
sh600519,贵州茅台,11:11:28,1457.7,500,1457.69,U
sh600519,贵州茅台,11:11:37,1456.8,200,1457.68,D
sh600519,贵州茅台,11:11:40,1457.03,200,1456.8,E
sh600519,贵州茅台,11:11:43,1457.02,400,1457.03,E
sh600519,贵州茅台,11:11:46,1457.65,300,1457.02,U
sh600519,贵州茅台,11:11:49,1457.0,500,1457.65,D
sh600519,贵州茅台,11:11:52,1457.0,600,1457.0,U
sh600519,贵州茅台,11:11:55,1457.67,400,1457.0,U
sh600519,贵州茅台,11:11:58,1457.68,400,1457.67,U
sh600519,贵州茅台,11:12:01,1457.68,200,1457.68,U
sh600519,贵州茅台,11:12:04,1458.0,3300,1457.68,U
sh600519,贵州茅台,11:12:07,1457.66,2800,1458.0,D
sh600519,贵州茅台,11:12:10,1458.34,300,1457.66,E
sh600519,贵州茅台,11:12:13,1458.43,300,1458.34,U
sh600519,贵州茅台,11:12:16,1458.43,200,1458.43,U
sh600519,贵州茅台,11:12:19,1458.5,500,1458.43,U
sh600519,贵州茅台,11:12:22,1458.34,300,1458.5,E
sh600519,贵州茅台,11:12:25,1458.43,800,1458.34,U
sh600519,贵州茅台,11:12:28,1458.25,200,1458.43,D
sh600519,贵州茅台,11:12:34,1458.43,300,1458.25,U
sh600519,贵州茅台,11:12:43,1458.69,200,1458.25,U
sh600519,贵州茅台,11:12:55,1458.3,300,1458.3,U
sh600519,贵州茅台,11:13:04,1458.59,500,1458.6,E
sh600519,贵州茅台,11:13:07,1458.6,300,1458.59,U
sh600519,贵州茅台,11:13:13,1458.3,1300,1458.31,D
sh600519,贵州茅台,11:13:16,1458.28,400,1458.3,D
sh600519,贵州茅台,11:13:19,1458.31,300,1458.28,U
sh600519,贵州茅台,11:13:34,1458.26,400,1458.26,D
sh600519,贵州茅台,11:13:37,1458.3,200,1458.26,U
sh600519,贵州茅台,11:13:40,1458.29,600,1458.3,E
sh600519,贵州茅台,11:13:43,1458.6,1500,1458.29,U
sh600519,贵州茅台,11:13:46,1458.69,600,1458.6,U
sh600519,贵州茅台,11:13:49,1458.69,200,1458.69,U
sh600519,贵州茅台,11:13:55,1458.69,200,1458.69,U
sh600519,贵州茅台,11:14:01,1458.31,400,1458.69,D
sh600519,贵州茅台,11:14:13,1458.66,400,1458.33,E
sh600519,贵州茅台,11:14:19,1458.2,500,1458.66,D
sh600519,贵州茅台,11:14:22,1458.31,400,1458.2,E
sh600519,贵州茅台,11:14:25,1458.69,500,1458.31,U
sh600519,贵州茅台,11:14:28,1458.69,500,1458.69,D
sh600519,贵州茅台,11:14:31,1458.87,800,1458.69,U
sh600519,贵州茅台,11:14:34,1459.46,1900,1458.87,U
sh600519,贵州茅台,11:14:37,1459.7,700,1459.46,U
sh600519,贵州茅台,11:14:43,1459.71,200,1459.69,U
sh600519,贵州茅台,11:14:46,1459.22,200,1459.71,D
sh600519,贵州茅台,11:14:49,1459.72,200,1459.22,U
sh600519,贵州茅台,11:14:52,1459.12,200,1459.72,D
sh600519,贵州茅台,11:14:55,1459.7,200,1459.12,U
sh600519,贵州茅台,11:14:58,1459.72,200,1459.7,U
sh600519,贵州茅台,11:15:01,1459.7,200,1459.72,D
sh600519,贵州茅台,11:15:04,1459.8,800,1459.7,U
sh600519,贵州茅台,11:15:10,1459.8,300,1459.8,D
sh600519,贵州茅台,11:15:16,1459.72,700,1459.79,E
sh600519,贵州茅台,11:15:19,1459.71,200,1459.72,D
sh600519,贵州茅台,11:15:22,1459.72,200,1459.71,U
sh600519,贵州茅台,11:15:25,1459.88,300,1459.72,U
sh600519,贵州茅台,11:15:28,1459.88,600,1459.88,U
sh600519,贵州茅台,11:15:34,1459.88,300,1459.88,U
sh600519,贵州茅台,11:15:37,1459.88,200,1459.88,U
sh600519,贵州茅台,11:15:40,1459.88,500,1459.88,U
sh600519,贵州茅台,11:15:46,1459.72,1600,1459.87,D
sh600519,贵州茅台,11:15:49,1459.88,300,1459.72,D
sh600519,贵州茅台,11:15:52,1459.9,500,1459.88,U
sh600519,贵州茅台,11:15:55,1459.94,600,1459.9,U
sh600519,贵州茅台,11:15:58,1459.88,300,1459.94,D
sh600519,贵州茅台,11:16:01,1459.96,200,1459.88,U
sh600519,贵州茅台,11:16:04,1459.99,1500,1459.96,U
sh600519,贵州茅台,11:16:07,1459.99,900,1459.99,U
sh600519,贵州茅台,11:16:10,1459.99,200,1459.99,E
sh600519,贵州茅台,11:16:13,1460.0,500,1459.99,U
sh600519,贵州茅台,11:16:16,1460.0,400,1460.0,U
sh600519,贵州茅台,11:16:19,1460.0,300,1460.0,U
sh600519,贵州茅台,11:16:22,1460.0,7600,1460.0,U
sh600519,贵州茅台,11:16:25,1459.94,1500,1460.0,D
sh600519,贵州茅台,11:16:28,1460.0,500,1459.94,U
sh600519,贵州茅台,11:16:31,1460.0,300,1460.0,U
sh600519,贵州茅台,11:16:34,1460.0,700,1460.0,U
sh600519,贵州茅台,11:16:37,1459.99,300,1460.0,E
sh600519,贵州茅台,11:16:40,1460.08,4400,1459.99,U
sh600519,贵州茅台,11:16:43,1460.36,800,1460.08,U
sh600519,贵州茅台,11:16:46,1460.0,1300,1460.36,D
sh600519,贵州茅台,11:16:49,1460.43,1500,1460.0,U
sh600519,贵州茅台,11:16:52,1461.0,1500,1460.43,U
sh600519,贵州茅台,11:16:55,1461.0,400,1461.0,U
sh600519,贵州茅台,11:16:58,1461.43,1100,1461.0,U
sh600519,贵州茅台,11:17:01,1461.66,700,1461.43,U
sh600519,贵州茅台,11:17:04,1462.0,3000,1461.66,U
sh600519,贵州茅台,11:17:07,1462.0,2400,1462.0,U
sh600519,贵州茅台,11:17:10,1462.12,700,1462.0,U
sh600519,贵州茅台,11:17:13,1461.92,600,1462.12,D
sh600519,贵州茅台,11:17:16,1461.92,1400,1461.92,U
sh600519,贵州茅台,11:17:28,1461.1,200,1461.02,D
sh600519,贵州茅台,11:17:31,1461.9,300,1461.1,U
sh600519,贵州茅台,11:17:34,1461.1,500,1461.9,D
sh600519,贵州茅台,11:17:40,1461.12,400,1461.1,D
sh600519,贵州茅台,11:17:46,1461.12,500,1461.85,D
sh600519,贵州茅台,11:17:52,1461.1,600,1461.12,D
sh600519,贵州茅台,11:17:55,1461.12,200,1461.1,E
sh600519,贵州茅台,11:17:58,1461.86,200,1461.12,U
sh600519,贵州茅台,11:18:01,1461.5,300,1461.86,E
sh600519,贵州茅台,11:18:04,1461.86,700,1461.5,U
sh600519,贵州茅台,11:18:07,1461.88,700,1461.86,U
sh600519,贵州茅台,11:18:10,1461.78,400,1461.88,E
sh600519,贵州茅台,11:18:13,1461.03,200,1461.78,E
sh600519,贵州茅台,11:18:19,1461.02,200,1461.78,D
sh600519,贵州茅台,11:18:22,1461.76,500,1461.02,U
sh600519,贵州茅台,11:18:25,1461.44,600,1461.76,D
sh600519,贵州茅台,11:18:28,1461.91,1500,1461.44,U
sh600519,贵州茅台,11:18:31,1462.0,4900,1461.91,U
sh600519,贵州茅台,11:18:34,1462.0,1800,1462.0,U
sh600519,贵州茅台,11:18:37,1462.0,300,1462.0,U
sh600519,贵州茅台,11:18:40,1462.3,1700,1462.0,U
sh600519,贵州茅台,11:18:43,1462.47,700,1462.3,U
sh600519,贵州茅台,11:18:46,1462.77,200,1462.47,U
sh600519,贵州茅台,11:18:49,1462.77,900,1462.77,U
sh600519,贵州茅台,11:18:52,1462.47,400,1462.77,U
sh600519,贵州茅台,11:18:55,1461.85,300,1462.47,U
sh600519,贵州茅台,11:18:58,1461.85,400,1461.85,U
sh600519,贵州茅台,11:19:01,1461.76,200,1461.85,E
sh600519,贵州茅台,11:19:04,1462.47,800,1461.76,U
sh600519,贵州茅台,11:19:07,1462.8,1400,1462.47,U
sh600519,贵州茅台,11:19:10,1462.85,800,1462.8,U
sh600519,贵州茅台,11:19:13,1462.85,600,1462.85,U
sh600519,贵州茅台,11:19:16,1462.85,300,1462.85,U
sh600519,贵州茅台,11:19:19,1462.49,500,1462.85,D
sh600519,贵州茅台,11:19:25,1462.49,400,1462.3,U
sh600519,贵州茅台,11:19:28,1462.72,1100,1462.49,U
sh600519,贵州茅台,11:19:31,1462.72,400,1462.72,U
sh600519,贵州茅台,11:19:34,1461.85,300,1462.72,D
sh600519,贵州茅台,11:19:37,1462.58,200,1461.85,E
sh600519,贵州茅台,11:19:40,1462.69,800,1462.58,E
sh600519,贵州茅台,11:19:46,1462.49,200,1462.69,U
sh600519,贵州茅台,11:19:52,1462.45,300,1461.78,U
sh600519,贵州茅台,11:19:58,1462.23,300,1462.45,D
sh600519,贵州茅台,11:20:01,1461.51,300,1462.23,D
sh600519,贵州茅台,11:20:04,1462.23,300,1461.51,U
sh600519,贵州茅台,11:20:07,1461.51,300,1462.23,D
sh600519,贵州茅台,11:20:16,1461.5,300,1461.51,D
sh600519,贵州茅台,11:20:19,1461.49,200,1461.5,E
sh600519,贵州茅台,11:20:22,1461.2,700,1461.49,D
sh600519,贵州茅台,11:20:25,1461.5,400,1461.2,U
sh600519,贵州茅台,11:20:28,1461.51,1700,1461.5,U
sh600519,贵州茅台,11:20:31,1461.23,400,1461.51,D
sh600519,贵州茅台,11:20:34,1461.92,800,1461.23,U
sh600519,贵州茅台,11:20:37,1461.23,1200,1461.92,D
sh600519,贵州茅台,11:20:40,1462.45,500,1461.23,U
sh600519,贵州茅台,11:20:43,1462.5,300,1462.45,U
sh600519,贵州茅台,11:20:46,1462.57,500,1462.5,U
sh600519,贵州茅台,11:20:52,1462.58,400,1462.57,U
sh600519,贵州茅台,11:20:55,1462.58,400,1462.58,U
sh600519,贵州茅台,11:20:58,1462.5,400,1462.58,D
sh600519,贵州茅台,11:21:01,1462.57,800,1462.5,D
sh600519,贵州茅台,11:21:07,1462.5,1000,1462.57,U
sh600519,贵州茅台,11:21:10,1462.49,800,1462.5,D
sh600519,贵州茅台,11:21:13,1462.5,300,1462.49,E
sh600519,贵州茅台,11:21:16,1462.5,500,1462.5,E
sh600519,贵州茅台,11:21:19,1462.5,400,1462.5,E
sh600519,贵州茅台,11:21:22,1462.5,200,1462.5,U
sh600519,贵州茅台,11:21:25,1462.5,300,1462.5,U
sh600519,贵州茅台,11:21:28,1462.58,600,1462.5,U
sh600519,贵州茅台,11:21:31,1462.58,400,1462.58,U
sh600519,贵州茅台,11:21:34,1462.58,300,1462.58,U
sh600519,贵州茅台,11:21:37,1462.58,1200,1462.58,U
sh600519,贵州茅台,11:21:46,1462.5,200,1462.5,U
sh600519,贵州茅台,11:21:49,1462.5,200,1462.5,U
sh600519,贵州茅台,11:21:55,1462.5,400,1462.48,U
sh600519,贵州茅台,11:21:58,1462.49,300,1462.5,U
sh600519,贵州茅台,11:22:07,1462.47,500,1462.38,U
sh600519,贵州茅台,11:22:10,1462.47,400,1462.47,U
sh600519,贵州茅台,11:22:13,1462.38,1000,1462.47,D
sh600519,贵州茅台,11:22:15,1462.58,300,1462.38,U
sh600519,贵州茅台,11:22:19,1462.38,1600,1462.58,D
sh600519,贵州茅台,11:22:22,1462.38,200,1462.38,U
sh600519,贵州茅台,11:22:37,1461.53,200,1462.0,E
sh600519,贵州茅台,11:22:43,1461.51,200,1461.53,D
sh600519,贵州茅台,11:22:46,1461.69,200,1461.51,E
sh600519,贵州茅台,11:22:49,1461.53,600,1461.69,E
sh600519,贵州茅台,11:22:55,1461.03,700,1461.7,D
sh600519,贵州茅台,11:23:01,1459.17,800,1461.5,D
sh600519,贵州茅台,11:23:04,1459.48,200,1459.17,E
sh600519,贵州茅台,11:23:07,1461.1,1500,1459.48,E
sh600519,贵州茅台,11:23:10,1460.19,400,1461.1,E
sh600519,贵州茅台,11:23:13,1460.18,300,1460.19,E
sh600519,贵州茅台,11:23:16,1460.53,500,1460.18,E
sh600519,贵州茅台,11:23:19,1460.43,300,1460.53,U
sh600519,贵州茅台,11:23:22,1460.43,400,1460.43,U
sh600519,贵州茅台,11:23:28,1460.0,300,1460.43,D
sh600519,贵州茅台,11:23:34,1460.0,200,1460.01,D
sh600519,贵州茅台,11:23:40,1460.97,300,1460.98,U
sh600519,贵州茅台,11:23:43,1460.61,600,1460.97,E
sh600519,贵州茅台,11:23:52,1460.98,400,1460.98,E
sh600519,贵州茅台,11:23:58,1460.0,300,1460.01,U
sh600519,贵州茅台,11:24:01,1460.03,200,1460.0,E
sh600519,贵州茅台,11:24:04,1460.0,300,1460.03,D
sh600519,贵州茅台,11:24:19,1460.0,700,1459.99,U
sh600519,贵州茅台,11:24:22,1460.0,400,1460.0,U
sh600519,贵州茅台,11:24:25,1460.0,2300,1460.0,U
sh600519,贵州茅台,11:24:28,1460.0,300,1460.0,D
sh600519,贵州茅台,11:24:31,1460.73,200,1460.0,E
sh600519,贵州茅台,11:24:37,1460.93,200,1460.0,U
sh600519,贵州茅台,11:24:40,1460.96,200,1460.93,U
sh600519,贵州茅台,11:24:46,1460.73,400,1460.96,D
sh600519,贵州茅台,11:25:01,1460.1,400,1460.72,E
sh600519,贵州茅台,11:25:07,1460.7,200,1460.02,E
sh600519,贵州茅台,11:25:13,1460.71,200,1460.01,U
sh600519,贵州茅台,11:25:19,1460.05,300,1460.71,D
sh600519,贵州茅台,11:25:25,1460.05,500,1460.72,E
sh600519,贵州茅台,11:25:28,1460.05,200,1460.05,E
sh600519,贵州茅台,11:25:31,1460.73,200,1460.05,U
sh600519,贵州茅台,11:25:34,1460.73,300,1460.73,U
sh600519,贵州茅台,11:25:37,1460.73,400,1460.73,U
sh600519,贵州茅台,11:25:40,1460.02,200,1460.73,E
sh600519,贵州茅台,11:25:43,1460.6,400,1460.02,U
sh600519,贵州茅台,11:25:46,1460.72,400,1460.6,U
sh600519,贵州茅台,11:25:49,1460.79,300,1460.72,E
sh600519,贵州茅台,11:25:52,1460.01,500,1460.79,E
sh600519,贵州茅台,11:26:01,1460.98,500,1460.6,U
sh600519,贵州茅台,11:26:04,1460.94,300,1460.98,D
sh600519,贵州茅台,11:26:07,1460.94,200,1460.94,D
sh600519,贵州茅台,11:26:10,1460.83,200,1460.94,D
sh600519,贵州茅台,11:26:16,1460.63,200,1460.74,U
sh600519,贵州茅台,11:26:19,1460.63,700,1460.63,U
sh600519,贵州茅台,11:26:22,1459.99,200,1460.63,D
sh600519,贵州茅台,11:26:28,1460.6,700,1460.02,U
sh600519,贵州茅台,11:26:31,1460.74,300,1460.6,U
sh600519,贵州茅台,11:26:34,1460.76,300,1460.74,U
sh600519,贵州茅台,11:26:37,1460.0,300,1460.76,D
sh600519,贵州茅台,11:26:46,1460.68,300,1460.63,U
sh600519,贵州茅台,11:26:49,1460.0,200,1460.68,D
sh600519,贵州茅台,11:26:58,1460.0,200,1460.0,U
sh600519,贵州茅台,11:27:01,1459.54,200,1460.0,D
sh600519,贵州茅台,11:27:07,1459.56,300,1459.54,E
sh600519,贵州茅台,11:27:10,1460.0,300,1459.56,E
sh600519,贵州茅台,11:27:22,1460.0,700,1460.01,D
sh600519,贵州茅台,11:27:28,1460.0,600,1460.0,U
sh600519,贵州茅台,11:27:31,1460.0,500,1460.0,U
sh600519,贵州茅台,11:27:34,1459.5,400,1460.0,D
sh600519,贵州茅台,11:27:37,1459.93,500,1459.5,E
sh600519,贵州茅台,11:27:40,1459.0,1200,1459.93,D
sh600519,贵州茅台,11:27:43,1459.0,400,1459.0,D
sh600519,贵州茅台,11:27:46,1459.99,1100,1459.0,U
sh600519,贵州茅台,11:27:49,1458.69,200,1459.99,D
sh600519,贵州茅台,11:27:52,1458.0,900,1458.69,D
sh600519,贵州茅台,11:27:55,1457.6,600,1458.0,D
sh600519,贵州茅台,11:27:58,1457.6,400,1457.6,D
sh600519,贵州茅台,11:28:01,1458.0,200,1457.6,U
sh600519,贵州茅台,11:28:07,1457.61,200,1458.32,E
sh600519,贵州茅台,11:28:10,1458.65,200,1457.61,U
sh600519,贵州茅台,11:28:13,1458.67,700,1458.65,U
sh600519,贵州茅台,11:28:19,1458.6,200,1458.67,U
sh600519,贵州茅台,11:28:31,1458.85,300,1458.65,U
sh600519,贵州茅台,11:28:37,1459.52,1000,1458.85,U
sh600519,贵州茅台,11:28:43,1460.0,200,1459.52,U
sh600519,贵州茅台,11:28:49,1460.0,800,1460.0,U
sh600519,贵州茅台,11:28:52,1460.0,300,1460.0,U
sh600519,贵州茅台,11:28:55,1460.0,1233,1460.0,U
sh600519,贵州茅台,11:28:58,1459.99,500,1460.0,D
sh600519,贵州茅台,11:29:01,1460.1,900,1459.99,U
sh600519,贵州茅台,11:29:04,1460.0,1000,1460.1,D
sh600519,贵州茅台,11:29:07,1460.24,400,1460.0,U
sh600519,贵州茅台,11:29:13,1459.57,1967,1460.23,D
sh600519,贵州茅台,11:29:16,1459.58,400,1459.57,E
sh600519,贵州茅台,11:29:19,1459.57,200,1459.58,E
sh600519,贵州茅台,11:29:22,1459.89,400,1459.57,E
sh600519,贵州茅台,11:29:34,1457.63,200,1458.66,D
sh600519,贵州茅台,11:29:37,1457.61,300,1457.63,D
sh600519,贵州茅台,11:29:40,1457.6,500,1457.61,D
sh600519,贵州茅台,11:29:43,1457.63,700,1457.6,E
sh600519,贵州茅台,11:29:46,1457.59,800,1457.63,E
sh600519,贵州茅台,11:29:49,1457.0,400,1457.59,D
sh600519,贵州茅台,11:29:52,1457.58,200,1457.0,U
sh600519,贵州茅台,11:29:55,1457.57,200,1457.58,E
sh600519,贵州茅台,11:29:59,1457.0,400,1457.57,D
sh600519,贵州茅台,13:00:01,1457.0,500,1457.0,U
sh600519,贵州茅台,13:00:04,1457.0,4300,1457.0,D
sh600519,贵州茅台,13:00:07,1457.6,2600,1457.0,U
sh600519,贵州茅台,13:00:10,1457.84,2100,1457.6,U
sh600519,贵州茅台,13:00:13,1458.36,800,1457.84,U
sh600519,贵州茅台,13:00:16,1458.7,1200,1458.36,U
sh600519,贵州茅台,13:00:19,1458.81,1400,1458.7,U
sh600519,贵州茅台,13:00:22,1458.93,1000,1458.81,U
sh600519,贵州茅台,13:00:25,1459.34,500,1458.93,U
sh600519,贵州茅台,13:00:28,1459.94,600,1459.34,U
sh600519,贵州茅台,13:00:31,1459.56,1400,1459.94,D
sh600519,贵州茅台,13:00:34,1459.56,1800,1459.56,D
sh600519,贵州茅台,13:00:37,1460.0,400,1459.56,U
sh600519,贵州茅台,13:00:40,1460.02,600,1460.0,U
sh600519,贵州茅台,13:00:43,1460.0,300,1460.02,U
sh600519,贵州茅台,13:00:46,1459.99,400,1460.0,U
sh600519,贵州茅台,13:00:52,1460.23,433,1460.21,U
sh600519,贵州茅台,13:00:55,1460.25,400,1460.23,U
sh600519,贵州茅台,13:00:58,1460.7,300,1460.25,U
sh600519,贵州茅台,13:01:01,1460.9,1100,1460.7,U
sh600519,贵州茅台,13:01:04,1461.01,3100,1460.9,U
sh600519,贵州茅台,13:01:07,1461.3,1800,1461.01,U
sh600519,贵州茅台,13:01:10,1461.01,800,1461.3,E
sh600519,贵州茅台,13:01:13,1461.0,1400,1461.01,D
sh600519,贵州茅台,13:01:16,1460.78,4367,1461.0,D
sh600519,贵州茅台,13:01:19,1459.29,1100,1460.78,D
sh600519,贵州茅台,13:01:25,1459.6,1100,1460.65,D
sh600519,贵州茅台,13:01:28,1459.63,600,1459.6,U
sh600519,贵州茅台,13:01:31,1460.74,1100,1459.63,U
sh600519,贵州茅台,13:01:34,1460.67,500,1460.74,U
sh600519,贵州茅台,13:01:40,1460.0,400,1460.0,D
sh600519,贵州茅台,13:01:43,1460.0,800,1460.0,D
sh600519,贵州茅台,13:01:46,1459.64,600,1460.0,D
sh600519,贵州茅台,13:01:49,1460.34,400,1459.64,U
sh600519,贵州茅台,13:01:52,1460.08,600,1460.34,E
sh600519,贵州茅台,13:01:55,1460.21,600,1460.08,U
sh600519,贵州茅台,13:01:58,1460.0,1000,1460.21,D
sh600519,贵州茅台,13:02:01,1459.54,1900,1460.0,D
sh600519,贵州茅台,13:02:04,1458.76,600,1459.54,D
sh600519,贵州茅台,13:02:07,1459.37,2100,1458.76,E
sh600519,贵州茅台,13:02:10,1458.71,800,1459.37,D
sh600519,贵州茅台,13:02:13,1457.58,1800,1458.71,D
sh600519,贵州茅台,13:02:16,1457.58,700,1457.58,D
sh600519,贵州茅台,13:02:19,1458.3,600,1457.58,E
sh600519,贵州茅台,13:02:22,1457.58,900,1458.3,D
sh600519,贵州茅台,13:02:25,1457.58,1100,1457.58,D
sh600519,贵州茅台,13:02:28,1458.33,1700,1457.58,U
sh600519,贵州茅台,13:02:31,1459.0,1200,1458.33,E
sh600519,贵州茅台,13:02:37,1458.2,400,1458.92,D
sh600519,贵州茅台,13:02:40,1458.92,200,1458.2,E
sh600519,贵州茅台,13:02:43,1459.36,600,1458.92,U
sh600519,贵州茅台,13:02:49,1459.36,500,1458.21,U
sh600519,贵州茅台,13:02:55,1458.92,200,1459.36,E
sh600519,贵州茅台,13:03:01,1458.32,200,1458.92,D
sh600519,贵州茅台,13:03:07,1458.2,500,1458.32,D
sh600519,贵州茅台,13:03:10,1458.87,600,1458.2,U
sh600519,贵州茅台,13:03:13,1458.87,200,1458.87,D
sh600519,贵州茅台,13:03:16,1458.82,1300,1458.87,U
sh600519,贵州茅台,13:03:25,1458.0,1000,1458.0,D
sh600519,贵州茅台,13:03:31,1458.82,800,1458.0,U
sh600519,贵州茅台,13:03:34,1457.49,200,1458.82,E
sh600519,贵州茅台,13:03:40,1458.0,200,1457.48,U
sh600519,贵州茅台,13:03:43,1458.0,200,1458.0,D
sh600519,贵州茅台,13:04:10,1458.02,200,1458.04,D
sh600519,贵州茅台,13:04:13,1458.03,200,1458.02,D
sh600519,贵州茅台,13:04:22,1458.02,600,1458.78,D
sh600519,贵州茅台,13:04:25,1458.01,1900,1458.02,E
sh600519,贵州茅台,13:04:31,1458.04,200,1458.02,U
sh600519,贵州茅台,13:04:34,1458.01,600,1458.04,D
sh600519,贵州茅台,13:04:49,1458.7,500,1458.02,U
sh600519,贵州茅台,13:05:01,1458.69,300,1458.7,U
sh600519,贵州茅台,13:05:04,1458.72,600,1458.69,U
sh600519,贵州茅台,13:05:07,1458.81,500,1458.72,U
sh600519,贵州茅台,13:05:10,1458.88,600,1458.81,U
sh600519,贵州茅台,13:05:13,1459.32,600,1458.88,U
sh600519,贵州茅台,13:05:16,1458.87,300,1459.32,D
sh600519,贵州茅台,13:05:37,1459.35,500,1459.35,U
sh600519,贵州茅台,13:05:40,1459.35,300,1459.35,E
sh600519,贵州茅台,13:05:42,1459.43,700,1459.35,U
sh600519,贵州茅台,13:05:46,1459.6,800,1459.43,U
sh600519,贵州茅台,13:05:49,1460.0,900,1459.6,U
sh600519,贵州茅台,13:05:52,1460.12,600,1460.0,U
sh600519,贵州茅台,13:05:55,1460.58,700,1460.12,U
sh600519,贵州茅台,13:05:58,1460.88,300,1460.58,U
sh600519,贵州茅台,13:06:07,1460.65,1000,1460.88,U
sh600519,贵州茅台,13:06:10,1460.66,800,1460.65,E
sh600519,贵州茅台,13:06:13,1461.37,300,1460.66,U
sh600519,贵州茅台,13:06:16,1461.37,500,1461.37,U
sh600519,贵州茅台,13:06:19,1461.37,700,1461.37,E
sh600519,贵州茅台,13:06:22,1461.23,800,1461.37,U
sh600519,贵州茅台,13:06:28,1461.35,600,1461.35,U
sh600519,贵州茅台,13:06:31,1461.35,200,1461.35,U
sh600519,贵州茅台,13:06:37,1461.5,900,1461.35,U
sh600519,贵州茅台,13:06:40,1461.35,3300,1461.5,D
sh600519,贵州茅台,13:06:43,1461.4,1400,1461.35,U
sh600519,贵州茅台,13:06:46,1461.5,300,1461.4,U
sh600519,贵州茅台,13:06:49,1461.26,200,1461.5,D
sh600519,贵州茅台,13:06:52,1461.39,300,1461.26,U
sh600519,贵州茅台,13:06:58,1460.13,700,1460.66,D
sh600519,贵州茅台,13:07:01,1460.6,300,1460.13,U
sh600519,贵州茅台,13:07:04,1460.54,300,1460.6,E
sh600519,贵州茅台,13:07:07,1459.36,400,1460.54,D
sh600519,贵州茅台,13:07:10,1459.41,300,1459.36,U
sh600519,贵州茅台,13:07:16,1459.41,200,1459.41,D
sh600519,贵州茅台,13:07:19,1459.41,200,1459.41,D
sh600519,贵州茅台,13:07:22,1459.41,200,1459.41,U
sh600519,贵州茅台,13:07:25,1459.0,1000,1459.41,D
sh600519,贵州茅台,13:07:28,1459.4,300,1459.0,E
sh600519,贵州茅台,13:07:31,1459.96,900,1459.4,U
sh600519,贵州茅台,13:07:34,1459.86,400,1459.96,U
sh600519,贵州茅台,13:07:37,1459.94,200,1459.86,E
sh600519,贵州茅台,13:07:40,1459.96,200,1459.94,U
sh600519,贵州茅台,13:07:43,1459.4,200,1459.96,D
sh600519,贵州茅台,13:07:49,1459.77,200,1459.76,D
sh600519,贵州茅台,13:07:58,1459.77,800,1459.99,D
sh600519,贵州茅台,13:08:01,1459.05,300,1459.77,D
sh600519,贵州茅台,13:08:10,1459.08,200,1459.76,D
sh600519,贵州茅台,13:08:13,1459.08,500,1459.08,U
sh600519,贵州茅台,13:08:16,1459.08,800,1459.08,U
sh600519,贵州茅台,13:08:34,1458.33,300,1459.05,D
sh600519,贵州茅台,13:08:37,1458.33,700,1458.33,D
sh600519,贵州茅台,13:08:40,1459.05,300,1458.33,U
sh600519,贵州茅台,13:08:43,1458.85,600,1459.05,D
sh600519,贵州茅台,13:08:46,1458.85,400,1458.85,D
sh600519,贵州茅台,13:08:49,1459.1,500,1458.85,U
sh600519,贵州茅台,13:08:52,1459.99,500,1459.1,U
sh600519,贵州茅台,13:08:58,1459.83,400,1459.99,D
sh600519,贵州茅台,13:09:01,1459.9,200,1459.83,U
sh600519,贵州茅台,13:09:04,1459.9,400,1459.9,U
sh600519,贵州茅台,13:09:07,1459.82,1100,1459.9,D
sh600519,贵州茅台,13:09:10,1460.54,600,1459.82,U
sh600519,贵州茅台,13:09:16,1460.58,200,1460.58,U
sh600519,贵州茅台,13:09:22,1460.58,900,1460.58,U
sh600519,贵州茅台,13:09:31,1460.54,200,1460.58,U
sh600519,贵州茅台,13:09:37,1460.0,700,1460.54,D
sh600519,贵州茅台,13:09:40,1460.0,200,1460.0,D
sh600519,贵州茅台,13:09:43,1460.53,1000,1460.0,U
sh600519,贵州茅台,13:09:55,1460.0,200,1460.0,U
sh600519,贵州茅台,13:09:58,1460.0,300,1460.0,U
sh600519,贵州茅台,13:10:01,1460.53,200,1460.0,U
sh600519,贵州茅台,13:10:04,1460.53,200,1460.53,U
sh600519,贵州茅台,13:10:07,1460.54,700,1460.53,U
sh600519,贵州茅台,13:10:10,1460.01,200,1460.54,E
sh600519,贵州茅台,13:10:16,1460.54,500,1460.01,U
sh600519,贵州茅台,13:10:25,1460.54,500,1460.54,U
sh600519,贵州茅台,13:10:31,1460.0,400,1460.53,D
sh600519,贵州茅台,13:10:34,1460.0,300,1460.0,U
sh600519,贵州茅台,13:10:37,1460.0,200,1460.0,U
sh600519,贵州茅台,13:10:43,1460.0,300,1460.0,D
sh600519,贵州茅台,13:10:46,1459.84,500,1460.0,D
sh600519,贵州茅台,13:10:55,1459.99,300,1459.13,E
sh600519,贵州茅台,13:11:01,1459.3,300,1459.99,D
sh600519,贵州茅台,13:11:10,1460.0,500,1459.3,D
sh600519,贵州茅台,13:11:16,1460.03,500,1460.03,U
sh600519,贵州茅台,13:11:22,1460.52,2200,1460.03,U
sh600519,贵州茅台,13:11:25,1459.98,1300,1460.52,D
sh600519,贵州茅台,13:11:28,1459.45,900,1459.98,D
sh600519,贵州茅台,13:11:31,1459.98,200,1459.45,U
sh600519,贵州茅台,13:11:46,1459.5,600,1459.51,D
sh600519,贵州茅台,13:11:49,1458.85,1400,1459.5,D
sh600519,贵州茅台,13:11:52,1458.32,400,1458.85,D
sh600519,贵州茅台,13:11:54,1458.95,200,1458.32,U
sh600519,贵州茅台,13:11:58,1458.38,200,1458.95,D
sh600519,贵州茅台,13:12:01,1458.96,300,1458.38,U
sh600519,贵州茅台,13:12:04,1458.3,200,1458.96,D
sh600519,贵州茅台,13:12:10,1458.38,400,1458.3,D
sh600519,贵州茅台,13:12:13,1458.98,400,1458.38,U
sh600519,贵州茅台,13:12:22,1458.99,400,1458.99,U
sh600519,贵州茅台,13:12:25,1458.98,200,1458.99,E
sh600519,贵州茅台,13:12:34,1458.99,200,1458.97,U
sh600519,贵州茅台,13:12:43,1458.33,200,1458.99,D
sh600519,贵州茅台,13:12:46,1458.97,200,1458.33,U
sh600519,贵州茅台,13:12:52,1459.5,300,1458.99,U
sh600519,贵州茅台,13:12:58,1458.97,600,1459.5,D
sh600519,贵州茅台,13:13:01,1458.97,200,1458.97,D
sh600519,贵州茅台,13:13:07,1459.04,300,1458.97,E
sh600519,贵州茅台,13:13:10,1459.05,500,1459.04,U
sh600519,贵州茅台,13:13:13,1459.05,500,1459.05,U
sh600519,贵州茅台,13:13:28,1459.45,200,1459.45,E
sh600519,贵州茅台,13:13:34,1459.51,400,1459.45,U
sh600519,贵州茅台,13:13:37,1459.52,400,1459.51,U
sh600519,贵州茅台,13:13:40,1459.98,700,1459.52,U
sh600519,贵州茅台,13:13:49,1459.98,700,1460.0,D
sh600519,贵州茅台,13:13:52,1460.0,700,1459.98,U
sh600519,贵州茅台,13:13:55,1460.0,300,1460.0,U
sh600519,贵州茅台,13:13:58,1460.0,300,1460.0,D
sh600519,贵州茅台,13:14:04,1460.0,400,1460.0,D
sh600519,贵州茅台,13:14:07,1460.03,300,1460.0,E
sh600519,贵州茅台,13:14:10,1460.0,1400,1460.03,D
sh600519,贵州茅台,13:14:13,1459.48,3400,1460.0,D
sh600519,贵州茅台,13:14:16,1459.78,500,1459.48,E
sh600519,贵州茅台,13:14:19,1459.75,400,1459.78,E
sh600519,贵州茅台,13:14:22,1459.79,500,1459.75,U
sh600519,贵州茅台,13:14:25,1459.06,300,1459.79,D
