symbol,name,ticktime,price,volume,prev_price,kind
sh600519,贵州茅台,09:25:01,1418.0,18494,0.0,U
sh600519,贵州茅台,09:30:01,1418.0,1800,1418.0,D
sh600519,贵州茅台,09:30:04,1418.0,900,1418.0,D
sh600519,贵州茅台,09:30:06,1418.88,1400,1418.0,D
sh600519,贵州茅台,09:30:09,1418.84,2400,1418.88,D
sh600519,贵州茅台,09:30:13,1418.0,2800,1418.84,E
sh600519,贵州茅台,09:30:16,1417.99,500,1418.0,E
sh600519,贵州茅台,09:30:18,1418.0,500,1417.99,E
sh600519,贵州茅台,09:30:22,1417.03,3400,1418.0,D
sh600519,贵州茅台,09:30:25,1418.0,1100,1417.03,E
sh600519,贵州茅台,09:30:28,1417.01,2500,1418.0,D
sh600519,贵州茅台,09:30:31,1418.55,4100,1417.01,U
sh600519,贵州茅台,09:30:34,1418.41,1100,1418.55,D
sh600519,贵州茅台,09:30:37,1418.88,1500,1418.41,U
sh600519,贵州茅台,09:30:40,1418.8,1200,1418.88,E
sh600519,贵州茅台,09:30:43,1418.88,1400,1418.8,U
sh600519,贵州茅台,09:30:46,1418.17,400,1418.88,D
sh600519,贵州茅台,09:30:49,1418.41,1200,1418.17,E
sh600519,贵州茅台,09:30:52,1418.0,200,1418.41,D
sh600519,贵州茅台,09:30:55,1418.76,1100,1418.0,U
sh600519,贵州茅台,09:30:58,1419.9,2900,1418.76,U
sh600519,贵州茅台,09:31:01,1420.0,3700,1419.9,U
sh600519,贵州茅台,09:31:04,1419.95,300,1420.0,D
sh600519,贵州茅台,09:31:07,1420.96,1100,1419.95,E
sh600519,贵州茅台,09:31:10,1420.97,800,1420.96,U
sh600519,贵州茅台,09:31:13,1419.96,2000,1420.97,D
sh600519,贵州茅台,09:31:16,1420.97,1500,1419.96,U
sh600519,贵州茅台,09:31:19,1420.97,1800,1420.97,U
sh600519,贵州茅台,09:31:22,1419.35,2600,1420.97,D
sh600519,贵州茅台,09:31:25,1420.95,500,1419.35,E
sh600519,贵州茅台,09:31:28,1420.0,700,1420.95,E
sh600519,贵州茅台,09:31:31,1420.89,1000,1420.0,E
sh600519,贵州茅台,09:31:34,1420.0,800,1420.89,E
sh600519,贵州茅台,09:31:37,1420.05,2300,1420.0,U
sh600519,贵州茅台,09:31:40,1420.95,1000,1420.05,U
sh600519,贵州茅台,09:31:43,1420.1,1000,1420.95,E
sh600519,贵州茅台,09:31:46,1420.05,500,1420.1,D
sh600519,贵州茅台,09:31:49,1420.05,500,1420.05,E
sh600519,贵州茅台,09:31:52,1420.01,1151,1420.05,E
sh600519,贵州茅台,09:31:55,1420.05,500,1420.01,U
sh600519,贵州茅台,09:31:58,1420.01,500,1420.05,E
sh600519,贵州茅台,09:32:01,1420.53,200,1420.01,E
sh600519,贵州茅台,09:32:04,1420.05,1000,1420.53,U
sh600519,贵州茅台,09:32:07,1420.1,300,1420.05,D
sh600519,贵州茅台,09:32:10,1420.96,3300,1420.1,U
sh600519,贵州茅台,09:32:13,1421.1,2500,1420.96,U
sh600519,贵州茅台,09:32:19,1421.65,500,1421.6,D
sh600519,贵州茅台,09:32:22,1422.05,2900,1421.65,U
sh600519,贵州茅台,09:32:25,1423.0,1200,1422.05,U
sh600519,贵州茅台,09:32:28,1422.98,1400,1423.0,E
sh600519,贵州茅台,09:32:31,1423.03,900,1422.98,U
sh600519,贵州茅台,09:32:34,1423.0,1200,1423.03,U
sh600519,贵州茅台,09:32:37,1423.0,1400,1423.0,D
sh600519,贵州茅台,09:32:40,1423.0,1500,1423.0,E
sh600519,贵州茅台,09:32:43,1423.0,1600,1423.0,U
sh600519,贵州茅台,09:32:46,1423.0,800,1423.0,U
sh600519,贵州茅台,09:32:49,1423.0,700,1423.0,U
sh600519,贵州茅台,09:32:52,1422.99,700,1423.0,U
sh600519,贵州茅台,09:32:55,1423.0,700,1422.99,U
sh600519,贵州茅台,09:32:58,1422.98,300,1423.0,E
sh600519,贵州茅台,09:33:01,1423.0,900,1422.98,U
sh600519,贵州茅台,09:33:04,1423.0,600,1423.0,U
sh600519,贵州茅台,09:33:07,1422.98,1700,1423.0,D
sh600519,贵州茅台,09:33:10,1422.97,1200,1422.98,D
sh600519,贵州茅台,09:33:13,1422.98,1400,1422.97,U
sh600519,贵州茅台,09:33:16,1423.6,4600,1422.98,U
sh600519,贵州茅台,09:33:19,1423.58,2000,1423.6,D
sh600519,贵州茅台,09:33:22,1423.58,1200,1423.58,D
sh600519,贵州茅台,09:33:25,1424.0,1500,1423.58,U
sh600519,贵州茅台,09:33:28,1423.58,1400,1424.0,D
sh600519,贵州茅台,09:33:31,1423.48,1500,1423.58,D
sh600519,贵州茅台,09:33:34,1423.01,1600,1423.48,E
sh600519,贵州茅台,09:33:37,1423.4,1000,1423.01,E
sh600519,贵州茅台,09:33:40,1423.46,500,1423.4,U
sh600519,贵州茅台,09:33:43,1422.99,600,1423.46,D
sh600519,贵州茅台,09:33:46,1422.99,700,1422.99,D
sh600519,贵州茅台,09:33:49,1423.46,2500,1422.99,U
sh600519,贵州茅台,09:33:52,1423.46,1000,1423.46,U
sh600519,贵州茅台,09:33:55,1423.49,700,1423.46,U
sh600519,贵州茅台,09:33:58,1423.45,600,1423.49,D
sh600519,贵州茅台,09:34:01,1423.5,700,1423.45,U
sh600519,贵州茅台,09:34:04,1423.58,700,1423.5,U
sh600519,贵州茅台,09:34:07,1423.9,1800,1423.58,U
sh600519,贵州茅台,09:34:10,1423.98,800,1423.9,U
sh600519,贵州茅台,09:34:13,1424.0,3700,1423.98,U
sh600519,贵州茅台,09:34:16,1424.0,1400,1424.0,U
sh600519,贵州茅台,09:34:19,1423.97,1216,1424.0,D
sh600519,贵州茅台,09:34:22,1423.9,884,1423.97,D
sh600519,贵州茅台,09:34:25,1423.82,700,1423.9,D
sh600519,贵州茅台,09:34:28,1423.45,2600,1423.82,D
sh600519,贵州茅台,09:34:31,1423.13,2400,1423.45,D
sh600519,贵州茅台,09:34:34,1423.13,600,1423.13,D
sh600519,贵州茅台,09:34:37,1423.13,400,1423.13,U
sh600519,贵州茅台,09:34:43,1422.9,400,1423.13,E
sh600519,贵州茅台,09:34:46,1422.32,300,1422.9,D
sh600519,贵州茅台,09:34:49,1422.32,200,1422.32,D
sh600519,贵州茅台,09:34:52,1422.32,1000,1422.32,D
sh600519,贵州茅台,09:34:55,1422.5,1200,1422.32,E
sh600519,贵州茅台,09:34:58,1422.5,600,1422.5,D
sh600519,贵州茅台,09:35:01,1422.5,300,1422.5,D
sh600519,贵州茅台,09:35:04,1422.5,2300,1422.5,D
sh600519,贵州茅台,09:35:07,1422.5,500,1422.5,D
sh600519,贵州茅台,09:35:10,1422.5,900,1422.5,E
sh600519,贵州茅台,09:35:13,1422.5,3300,1422.5,U
sh600519,贵州茅台,09:35:16,1423.9,2100,1422.5,U
sh600519,贵州茅台,09:35:19,1423.93,800,1423.9,U
sh600519,贵州茅台,09:35:22,1423.9,1200,1423.93,D
sh600519,贵州茅台,09:35:25,1423.89,1500,1423.9,D
sh600519,贵州茅台,09:35:28,1423.89,2200,1423.89,U
sh600519,贵州茅台,09:35:31,1423.9,1200,1423.89,U
sh600519,贵州茅台,09:35:34,1423.95,700,1423.9,U
sh600519,贵州茅台,09:35:37,1423.29,1200,1423.95,D
sh600519,贵州茅台,09:35:40,1423.36,1300,1423.29,E
sh600519,贵州茅台,09:35:43,1423.36,200,1423.36,D
sh600519,贵州茅台,09:35:46,1423.43,1600,1423.36,D
sh600519,贵州茅台,09:35:49,1423.86,500,1423.43,E
sh600519,贵州茅台,09:35:52,1423.45,600,1423.86,D
sh600519,贵州茅台,09:35:55,1423.43,1000,1423.45,D
sh600519,贵州茅台,09:35:58,1423.43,700,1423.43,D
sh600519,贵州茅台,09:36:01,1423.88,1500,1423.43,U
sh600519,贵州茅台,09:36:04,1423.8,800,1423.88,E
sh600519,贵州茅台,09:36:07,1423.9,500,1423.8,U
sh600519,贵州茅台,09:36:10,1423.88,500,1423.9,U
sh600519,贵州茅台,09:36:13,1423.86,300,1423.88,E
sh600519,贵州茅台,09:36:16,1423.87,4400,1423.86,U
sh600519,贵州茅台,09:36:19,1423.86,1700,1423.87,D
sh600519,贵州茅台,09:36:22,1423.8,5500,1423.86,D
sh600519,贵州茅台,09:36:25,1423.79,600,1423.8,E
sh600519,贵州茅台,09:36:28,1423.79,1400,1423.79,U
sh600519,贵州茅台,09:36:31,1423.78,1000,1423.79,U
sh600519,贵州茅台,09:36:34,1423.78,400,1423.78,U
sh600519,贵州茅台,09:36:37,1423.77,1300,1423.78,E
sh600519,贵州茅台,09:36:40,1423.78,600,1423.77,U
sh600519,贵州茅台,09:36:43,1423.94,5600,1423.78,U
sh600519,贵州茅台,09:36:46,1424.45,7016,1423.94,U
sh600519,贵州茅台,09:36:49,1425.41,7100,1424.45,U
sh600519,贵州茅台,09:36:52,1425.5,600,1425.41,U
sh600519,贵州茅台,09:36:55,1425.97,1100,1425.5,U
sh600519,贵州茅台,09:36:58,1426.0,2700,1425.97,U
sh600519,贵州茅台,09:37:01,1427.29,4900,1426.0,U
sh600519,贵州茅台,09:37:04,1426.66,1100,1427.29,D
sh600519,贵州茅台,09:37:07,1426.32,3400,1426.66,D
sh600519,贵州茅台,09:37:10,1426.32,3900,1426.32,D
sh600519,贵州茅台,09:37:13,1425.8,1100,1426.32,D
sh600519,贵州茅台,09:37:16,1425.69,2400,1425.8,D
sh600519,贵州茅台,09:37:22,1424.55,1200,1425.82,D
sh600519,贵州茅台,09:37:25,1425.52,500,1424.55,U
sh600519,贵州茅台,09:37:28,1424.88,1700,1425.52,E
sh600519,贵州茅台,09:37:31,1423.8,1900,1424.88,D
sh600519,贵州茅台,09:37:34,1424.63,300,1423.8,U
sh600519,贵州茅台,09:37:37,1423.77,1200,1424.63,D
sh600519,贵州茅台,09:37:43,1423.47,600,1423.77,D
sh600519,贵州茅台,09:37:46,1425.43,2000,1423.47,U
sh600519,贵州茅台,09:37:49,1423.48,700,1425.43,D
sh600519,贵州茅台,09:37:52,1424.45,1600,1423.48,E
sh600519,贵州茅台,09:37:55,1423.77,200,1424.45,D
sh600519,贵州茅台,09:37:58,1423.47,200,1423.77,U
sh600519,贵州茅台,09:38:01,1423.13,2600,1423.47,D
sh600519,贵州茅台,09:38:04,1423.0,1700,1423.13,D
sh600519,贵州茅台,09:38:07,1421.98,2700,1423.0,D
sh600519,贵州茅台,09:38:10,1421.97,800,1421.98,E
sh600519,贵州茅台,09:38:13,1421.01,700,1421.97,D
sh600519,贵州茅台,09:38:16,1421.01,1100,1421.01,U
sh600519,贵州茅台,09:38:19,1421.0,1000,1421.01,E
sh600519,贵州茅台,09:38:22,1421.01,1000,1421.0,U
sh600519,贵州茅台,09:38:25,1421.01,1500,1421.01,U
sh600519,贵州茅台,09:38:28,1421.01,1000,1421.01,U
sh600519,贵州茅台,09:38:31,1422.99,1000,1421.01,U
sh600519,贵州茅台,09:38:37,1422.78,200,1421.1,E
sh600519,贵州茅台,09:38:40,1422.77,300,1422.78,E
sh600519,贵州茅台,09:38:43,1422.77,400,1422.77,E
sh600519,贵州茅台,09:38:46,1422.76,900,1422.77,U
sh600519,贵州茅台,09:38:49,1422.72,600,1422.76,U
sh600519,贵州茅台,09:38:52,1421.16,1800,1422.72,D
sh600519,贵州茅台,09:38:55,1422.7,200,1421.16,U
sh600519,贵州茅台,09:38:58,1421.62,300,1422.7,D
sh600519,贵州茅台,09:39:01,1422.78,1600,1421.62,U
sh600519,贵州茅台,09:39:04,1421.62,900,1422.78,D
sh600519,贵州茅台,09:39:07,1422.63,600,1421.62,E
sh600519,贵州茅台,09:39:10,1422.57,300,1422.63,E
sh600519,贵州茅台,09:39:13,1422.57,200,1422.57,U
sh600519,贵州茅台,09:39:16,1421.17,1000,1422.57,D
sh600519,贵州茅台,09:39:19,1421.2,300,1421.17,E
sh600519,贵州茅台,09:39:22,1421.19,700,1421.2,D
sh600519,贵州茅台,09:39:25,1421.5,500,1421.19,E
sh600519,贵州茅台,09:39:28,1422.5,300,1421.5,E
sh600519,贵州茅台,09:39:31,1422.55,700,1422.5,U
sh600519,贵州茅台,09:39:40,1422.5,400,1422.53,U
sh600519,贵州茅台,09:39:43,1422.5,2000,1422.5,E
sh600519,贵州茅台,09:39:46,1422.55,1000,1422.5,U
sh600519,贵州茅台,09:39:49,1422.0,200,1422.55,D
sh600519,贵州茅台,09:40:01,1422.0,1700,1422.5,D
sh600519,贵州茅台,09:40:04,1422.5,600,1422.0,E
sh600519,贵州茅台,09:40:10,1422.0,500,1422.0,D
sh600519,贵州茅台,09:40:13,1421.66,600,1422.0,D
sh600519,贵州茅台,09:40:16,1422.0,800,1421.66,U
sh600519,贵州茅台,09:40:19,1421.64,400,1422.0,D
sh600519,贵州茅台,09:40:22,1421.64,200,1421.64,D
sh600519,贵州茅台,09:40:25,1421.5,300,1421.64,D
sh600519,贵州茅台,09:40:28,1421.2,700,1421.5,D
sh600519,贵州茅台,09:40:31,1421.65,900,1421.2,U
sh600519,贵州茅台,09:40:40,1421.63,700,1421.5,U
sh600519,贵州茅台,09:40:43,1421.65,800,1421.63,U
sh600519,贵州茅台,09:40:46,1421.81,1100,1421.65,U
sh600519,贵州茅台,09:40:49,1421.01,300,1421.81,D
sh600519,贵州茅台,09:40:55,1421.01,400,1421.1,D
sh600519,贵州茅台,09:40:58,1421.0,700,1421.01,D
sh600519,贵州茅台,09:41:01,1421.01,900,1421.0,U
sh600519,贵州茅台,09:41:04,1421.0,800,1421.01,U
sh600519,贵州茅台,09:41:07,1420.89,300,1421.0,D
sh600519,贵州茅台,09:41:10,1420.12,700,1420.89,D
sh600519,贵州茅台,09:41:13,1420.15,300,1420.12,D
sh600519,贵州茅台,09:41:16,1420.01,1800,1420.15,D
sh600519,贵州茅台,09:41:19,1420.0,3400,1420.01,D
sh600519,贵州茅台,09:41:22,1420.01,1000,1420.0,D
sh600519,贵州茅台,09:41:25,1419.87,300,1420.01,D
sh600519,贵州茅台,09:41:28,1419.77,300,1419.87,D
sh600519,贵州茅台,09:41:31,1420.0,1000,1419.77,U
sh600519,贵州茅台,09:41:34,1419.76,400,1420.0,U
sh600519,贵州茅台,09:41:37,1419.0,500,1419.76,D
sh600519,贵州茅台,09:41:40,1418.99,500,1419.0,E
sh600519,贵州茅台,09:41:43,1418.96,200,1418.99,E
sh600519,贵州茅台,09:41:46,1418.99,700,1418.96,U
sh600519,贵州茅台,09:41:52,1418.96,300,1419.0,D
sh600519,贵州茅台,09:41:55,1418.88,1500,1418.96,D
sh600519,贵州茅台,09:41:58,1418.88,800,1418.88,D
sh600519,贵州茅台,09:42:01,1418.97,1100,1418.88,E
sh600519,贵州茅台,09:42:07,1419.1,2200,1418.96,U
sh600519,贵州茅台,09:42:10,1419.1,200,1419.1,E
sh600519,贵州茅台,09:42:13,1418.99,300,1419.1,D
sh600519,贵州茅台,09:42:16,1419.83,1000,1418.99,U
sh600519,贵州茅台,09:42:19,1419.79,700,1419.83,E
sh600519,贵州茅台,09:42:31,1419.07,1900,1419.81,D
sh600519,贵州茅台,09:42:34,1419.07,1500,1419.07,D
sh600519,贵州茅台,09:42:37,1419.04,400,1419.07,D
sh600519,贵州茅台,09:42:40,1419.8,400,1419.04,U
sh600519,贵州茅台,09:42:43,1419.79,200,1419.8,E
sh600519,贵州茅台,09:42:46,1419.83,800,1419.79,U
sh600519,贵州茅台,09:42:55,1419.79,500,1419.21,D
sh600519,贵州茅台,09:42:58,1419.83,600,1419.79,U
sh600519,贵州茅台,09:43:01,1420.15,1400,1419.83,U
sh600519,贵州茅台,09:43:04,1420.03,300,1420.15,E
sh600519,贵州茅台,09:43:07,1420.15,200,1420.03,U
sh600519,贵州茅台,09:43:10,1419.84,400,1420.15,D
sh600519,贵州茅台,09:43:13,1420.84,500,1419.84,E
sh600519,贵州茅台,09:43:16,1420.87,1300,1420.84,U
sh600519,贵州茅台,09:43:19,1420.01,1200,1420.87,E
sh600519,贵州茅台,09:43:22,1420.87,200,1420.01,E
sh600519,贵州茅台,09:43:25,1420.87,300,1420.87,D
sh600519,贵州茅台,09:43:31,1420.92,1800,1420.87,D
sh600519,贵州茅台,09:43:37,1420.9,500,1420.99,D
sh600519,贵州茅台,09:43:40,1421.15,200,1420.9,E
sh600519,贵州茅台,09:43:43,1421.14,300,1421.15,U
sh600519,贵州茅台,09:43:46,1421.16,900,1421.14,U
sh600519,贵州茅台,09:43:49,1422.0,2400,1421.16,U
sh600519,贵州茅台,09:43:52,1421.17,400,1422.0,D
sh600519,贵州茅台,09:43:55,1421.13,1200,1421.17,D
sh600519,贵州茅台,09:44:01,1421.14,1400,1421.02,U
sh600519,贵州茅台,09:44:04,1421.12,400,1421.14,E
sh600519,贵州茅台,09:44:07,1421.14,200,1421.12,U
sh600519,贵州茅台,09:44:10,1420.1,300,1421.14,D
sh600519,贵州茅台,09:44:13,1421.14,1100,1420.1,U
sh600519,贵州茅台,09:44:16,1422.45,1200,1421.14,U
sh600519,贵州茅台,09:44:19,1421.14,500,1422.45,D
sh600519,贵州茅台,09:44:31,1421.62,700,1421.14,U
sh600519,贵州茅台,09:44:34,1421.14,200,1421.62,D
sh600519,贵州茅台,09:44:37,1421.13,1000,1421.14,E
sh600519,贵州茅台,09:44:43,1420.66,200,1420.99,E
sh600519,贵州茅台,09:44:46,1420.61,2400,1420.66,E
sh600519,贵州茅台,09:44:55,1421.61,800,1421.61,U
sh600519,贵州茅台,09:44:58,1420.6,300,1421.61,D
sh600519,贵州茅台,09:45:10,1421.56,200,1420.61,E
sh600519,贵州茅台,09:45:13,1420.61,200,1421.56,E
sh600519,贵州茅台,09:45:16,1420.6,1100,1420.61,D
sh600519,贵州茅台,09:45:28,1420.58,300,1420.61,D
sh600519,贵州茅台,09:45:37,1420.55,200,1420.58,D
sh600519,贵州茅台,09:45:40,1420.98,500,1420.55,U
sh600519,贵州茅台,09:45:52,1420.51,200,1420.49,U
sh600519,贵州茅台,09:45:58,1420.99,700,1420.51,U
sh600519,贵州茅台,09:46:01,1420.12,300,1420.99,D
sh600519,贵州茅台,09:46:22,1420.01,400,1420.1,D
sh600519,贵州茅台,09:46:25,1420.01,1800,1420.01,D
sh600519,贵州茅台,09:46:28,1420.0,400,1420.01,E
sh600519,贵州茅台,09:46:31,1419.6,400,1420.0,D
sh600519,贵州茅台,09:46:34,1420.01,200,1419.6,U
sh600519,贵州茅台,09:46:37,1420.1,700,1420.01,U
sh600519,贵州茅台,09:46:40,1419.24,400,1420.1,D
sh600519,贵州茅台,09:46:43,1420.0,300,1419.24,U
sh600519,贵州茅台,09:46:46,1420.0,200,1420.0,U
sh600519,贵州茅台,09:46:49,1420.0,700,1420.0,U
sh600519,贵州茅台,09:46:52,1420.1,200,1420.0,U
sh600519,贵州茅台,09:46:55,1420.0,300,1420.1,E
sh600519,贵州茅台,09:46:58,1420.49,300,1420.0,U
sh600519,贵州茅台,09:47:01,1420.51,1000,1420.49,U
sh600519,贵州茅台,09:47:04,1419.76,2300,1420.51,D
sh600519,贵州茅台,09:47:07,1420.66,1100,1419.76,U
sh600519,贵州茅台,09:47:10,1421.5,400,1420.66,U
sh600519,贵州茅台,09:47:13,1420.66,300,1421.5,D
sh600519,贵州茅台,09:47:25,1420.66,200,1421.44,D
sh600519,贵州茅台,09:47:31,1420.25,900,1420.67,D
sh600519,贵州茅台,09:47:40,1420.67,500,1420.67,U
sh600519,贵州茅台,09:47:46,1420.67,272,1420.67,D
sh600519,贵州茅台,09:47:55,1421.0,400,1420.67,U
sh600519,贵州茅台,09:47:58,1420.67,200,1421.0,D
sh600519,贵州茅台,09:48:04,1421.43,400,1421.0,U
sh600519,贵州茅台,09:48:16,1421.44,200,1421.0,U
sh600519,贵州茅台,09:48:19,1421.44,200,1421.44,U
sh600519,贵州茅台,09:48:22,1421.0,200,1421.44,D
sh600519,贵州茅台,09:48:25,1421.49,400,1421.0,U
sh600519,贵州茅台,09:48:34,1421.49,200,1421.44,U
sh600519,贵州茅台,09:48:37,1421.44,300,1421.49,E
sh600519,贵州茅台,09:48:40,1421.5,200,1421.44,U
sh600519,贵州茅台,09:48:46,1421.48,300,1421.5,D
sh600519,贵州茅台,09:48:49,1421.56,200,1421.48,U
sh600519,贵州茅台,09:48:52,1421.58,200,1421.56,U
sh600519,贵州茅台,09:48:54,1421.5,400,1421.58,D
sh600519,贵州茅台,09:49:01,1421.55,200,1421.4,U
sh600519,贵州茅台,09:49:04,1421.6,700,1421.55,D
sh600519,贵州茅台,09:49:07,1421.06,200,1421.6,D
sh600519,贵州茅台,09:49:16,1421.58,200,1421.06,U
sh600519,贵州茅台,09:49:19,1421.02,200,1421.58,D
sh600519,贵州茅台,09:49:28,1421.53,200,1421.02,E
sh600519,贵州茅台,09:49:31,1421.06,700,1421.53,D
sh600519,贵州茅台,09:49:34,1421.54,600,1421.06,U
sh600519,贵州茅台,09:49:37,1421.52,200,1421.54,D
sh600519,贵州茅台,09:49:40,1421.06,200,1421.52,D
sh600519,贵州茅台,09:49:58,1421.07,200,1421.06,D
sh600519,贵州茅台,09:50:01,1421.06,200,1421.07,D
sh600519,贵州茅台,09:50:04,1421.48,700,1421.06,U
sh600519,贵州茅台,09:50:10,1421.06,200,1421.48,D
sh600519,贵州茅台,09:50:13,1421.43,300,1421.06,U
sh600519,贵州茅台,09:50:30,1421.22,200,1421.48,U
sh600519,贵州茅台,09:50:43,1421.53,400,1421.29,U
sh600519,贵州茅台,09:50:52,1421.55,1700,1421.53,U
sh600519,贵州茅台,09:50:55,1421.57,300,1421.55,U
sh600519,贵州茅台,09:51:01,1421.55,300,1421.55,D
sh600519,贵州茅台,09:51:04,1421.6,300,1421.55,U
sh600519,贵州茅台,09:51:07,1421.6,200,1421.6,E
sh600519,贵州茅台,09:51:13,1421.6,500,1421.61,D
sh600519,贵州茅台,09:51:19,1421.8,300,1421.79,U
sh600519,贵州茅台,09:51:22,1421.6,1400,1421.8,D
sh600519,贵州茅台,09:51:25,1420.84,2000,1421.6,D
sh600519,贵州茅台,09:51:28,1421.05,200,1420.84,U
sh600519,贵州茅台,09:51:31,1421.03,300,1421.05,E
sh600519,贵州茅台,09:51:37,1421.04,500,1421.03,U
sh600519,贵州茅台,09:51:43,1421.04,400,1421.03,U
sh600519,贵州茅台,09:51:46,1421.04,500,1421.04,D
sh600519,贵州茅台,09:51:49,1421.04,700,1421.04,D
sh600519,贵州茅台,09:51:52,1421.05,300,1421.04,D
sh600519,贵州茅台,09:51:58,1421.05,400,1421.05,D
sh600519,贵州茅台,09:52:04,1421.09,300,1421.01,U
sh600519,贵州茅台,09:52:10,1420.27,600,1421.09,D
sh600519,贵州茅台,09:52:13,1420.3,500,1420.27,D
sh600519,贵州茅台,09:52:16,1420.25,200,1420.3,D
sh600519,贵州茅台,09:52:19,1420.94,400,1420.25,U
sh600519,贵州茅台,09:52:25,1420.94,900,1420.94,D
sh600519,贵州茅台,09:52:28,1420.94,400,1420.94,U
sh600519,贵州茅台,09:52:40,1421.0,300,1421.0,U
sh600519,贵州茅台,09:52:58,1420.99,300,1420.27,E
sh600519,贵州茅台,09:53:07,1420.98,300,1420.99,U
sh600519,贵州茅台,09:53:16,1420.97,200,1420.39,U
sh600519,贵州茅台,09:53:22,1420.97,200,1420.97,D
sh600519,贵州茅台,09:53:31,1420.97,300,1420.97,D
sh600519,贵州茅台,09:53:37,1420.39,600,1420.97,D
sh600519,贵州茅台,09:53:49,1420.96,200,1420.38,U
sh600519,贵州茅台,09:53:52,1420.99,400,1420.96,U
sh600519,贵州茅台,09:53:55,1420.99,200,1420.99,E
sh600519,贵州茅台,09:53:58,1420.98,200,1420.99,D
sh600519,贵州茅台,09:54:04,1420.99,200,1420.98,D
sh600519,贵州茅台,09:54:10,1420.99,200,1420.99,U
sh600519,贵州茅台,09:54:16,1420.99,200,1420.99,U
sh600519,贵州茅台,09:54:19,1420.41,300,1420.99,E
sh600519,贵州茅台,09:54:22,1420.7,1000,1420.41,U
sh600519,贵州茅台,09:54:31,1420.99,500,1420.99,U
sh600519,贵州茅台,09:54:34,1420.99,400,1420.99,D
sh600519,贵州茅台,09:54:37,1420.99,2000,1420.99,U
sh600519,贵州茅台,09:54:40,1420.54,300,1420.99,E
sh600519,贵州茅台,09:54:49,1420.7,200,1420.54,D
sh600519,贵州茅台,09:54:52,1420.7,200,1420.7,D
sh600519,贵州茅台,09:54:55,1420.7,600,1420.7,D
sh600519,贵州茅台,09:54:58,1420.43,500,1420.7,D
sh600519,贵州茅台,09:55:01,1420.28,1900,1420.43,D
sh600519,贵州茅台,09:55:04,1420.04,529,1420.28,D
sh600519,贵州茅台,09:55:10,1420.41,200,1420.04,U
sh600519,贵州茅台,09:55:28,1420.43,500,1420.41,U
sh600519,贵州茅台,09:55:31,1420.41,200,1420.43,D
sh600519,贵州茅台,09:55:40,1420.06,600,1420.41,D
sh600519,贵州茅台,09:55:43,1420.41,400,1420.06,U
sh600519,贵州茅台,09:55:52,1420.36,200,1420.41,D
sh600519,贵州茅台,09:56:01,1420.41,300,1420.39,U
sh600519,贵州茅台,09:56:04,1420.14,1100,1420.41,D
sh600519,贵州茅台,09:56:07,1420.06,300,1420.14,D
sh600519,贵州茅台,09:56:19,1420.05,400,1420.05,U
sh600519,贵州茅台,09:56:22,1420.02,471,1420.05,D
sh600519,贵州茅台,09:56:25,1420.04,200,1420.02,U
sh600519,贵州茅台,09:56:31,1420.12,300,1420.04,U
sh600519,贵州茅台,09:56:34,1420.05,200,1420.12,D
sh600519,贵州茅台,09:56:37,1420.0,2100,1420.05,D
sh600519,贵州茅台,09:56:40,1420.05,200,1420.0,U
sh600519,贵州茅台,09:56:49,1420.05,400,1420.06,D
sh600519,贵州茅台,09:56:52,1420.08,400,1420.05,U
sh600519,贵州茅台,09:56:55,1420.05,200,1420.08,E
sh600519,贵州茅台,09:57:01,1420.08,200,1420.07,E
sh600519,贵州茅台,09:57:28,1420.22,300,1420.43,D
sh600519,贵州茅台,09:57:34,1420.44,200,1420.21,U
sh600519,贵州茅台,09:57:37,1420.53,1500,1420.44,U
sh600519,贵州茅台,09:57:40,1420.7,600,1420.53,U
sh600519,贵州茅台,09:57:43,1421.0,500,1420.7,U
sh600519,贵州茅台,09:57:46,1420.98,1600,1421.0,D
sh600519,贵州茅台,09:57:49,1420.59,600,1420.98,D
sh600519,贵州茅台,09:57:55,1421.47,200,1420.6,U
sh600519,贵州茅台,09:58:04,1421.55,500,1421.47,U
sh600519,贵州茅台,09:58:07,1422.0,1000,1421.55,U
sh600519,贵州茅台,09:58:10,1422.5,200,1422.0,U
sh600519,贵州茅台,09:58:13,1422.5,200,1422.5,E
sh600519,贵州茅台,09:58:16,1421.96,800,1422.5,D
sh600519,贵州茅台,09:58:19,1422.57,400,1421.96,U
sh600519,贵州茅台,09:58:22,1422.78,500,1422.57,U
sh600519,贵州茅台,09:58:25,1422.52,300,1422.78,D
sh600519,贵州茅台,09:58:28,1422.52,300,1422.52,D
sh600519,贵州茅台,09:58:31,1422.52,200,1422.52,U
sh600519,贵州茅台,09:58:34,1422.32,500,1422.52,U
sh600519,贵州茅台,09:58:37,1422.93,200,1422.32,U
sh600519,贵州茅台,09:58:49,1422.89,400,1422.91,U
sh600519,贵州茅台,09:58:52,1422.89,400,1422.89,U
sh600519,贵州茅台,09:58:54,1422.9,200,1422.89,U
sh600519,贵州茅台,09:59:01,1423.11,1200,1422.92,U
sh600519,贵州茅台,09:59:07,1424.45,300,1423.11,U
sh600519,贵州茅台,09:59:10,1424.91,2000,1424.45,E
sh600519,贵州茅台,09:59:13,1424.92,300,1424.91,U
sh600519,贵州茅台,09:59:16,1424.92,200,1424.92,U
sh600519,贵州茅台,09:59:19,1423.35,700,1424.92,E
sh600519,贵州茅台,09:59:22,1424.89,400,1423.35,U
sh600519,贵州茅台,09:59:25,1424.89,2200,1424.89,U
sh600519,贵州茅台,09:59:28,1424.89,700,1424.89,E
sh600519,贵州茅台,09:59:31,1424.89,2200,1424.89,E
sh600519,贵州茅台,09:59:33,1425.0,1000,1424.89,D
sh600519,贵州茅台,09:59:37,1425.37,600,1425.0,E
sh600519,贵州茅台,09:59:40,1425.38,2700,1425.37,U
sh600519,贵州茅台,09:59:49,1425.38,2400,1425.5,D
sh600519,贵州茅台,09:59:52,1425.55,300,1425.38,D
sh600519,贵州茅台,09:59:55,1425.97,500,1425.55,U
sh600519,贵州茅台,09:59:58,1425.38,400,1425.97,D
sh600519,贵州茅台,10:00:01,1425.9,2400,1425.38,U
sh600519,贵州茅台,10:00:04,1426.59,5000,1425.9,U
sh600519,贵州茅台,10:00:07,1426.66,1800,1426.59,U
sh600519,贵州茅台,10:00:10,1426.73,700,1426.66,E
sh600519,贵州茅台,10:00:13,1426.85,500,1426.73,U
sh600519,贵州茅台,10:00:16,1426.87,2900,1426.85,U
sh600519,贵州茅台,10:00:19,1426.91,3100,1426.87,U
sh600519,贵州茅台,10:00:22,1427.0,1500,1426.91,U
sh600519,贵州茅台,10:00:25,1426.91,1000,1427.0,E
sh600519,贵州茅台,10:00:28,1426.8,1900,1426.91,D
sh600519,贵州茅台,10:00:31,1426.91,800,1426.8,E
sh600519,贵州茅台,10:00:34,1427.58,4100,1426.91,U
sh600519,贵州茅台,10:00:37,1427.21,3100,1427.58,D
sh600519,贵州茅台,10:00:40,1427.21,800,1427.21,U
sh600519,贵州茅台,10:00:43,1427.21,600,1427.21,E
sh600519,贵州茅台,10:00:46,1427.24,1000,1427.21,U
sh600519,贵州茅台,10:00:49,1427.18,900,1427.24,D
sh600519,贵州茅台,10:00:52,1427.01,400,1427.18,D
sh600519,贵州茅台,10:00:55,1426.8,900,1427.01,D
sh600519,贵州茅台,10:01:01,1426.0,800,1426.8,D
sh600519,贵州茅台,10:01:04,1425.73,400,1426.0,D
sh600519,贵州茅台,10:01:07,1425.38,200,1425.73,D
sh600519,贵州茅台,10:01:10,1425.38,500,1425.38,D
sh600519,贵州茅台,10:01:13,1425.38,200,1425.38,U
sh600519,贵州茅台,10:01:16,1424.98,300,1425.38,D
sh600519,贵州茅台,10:01:22,1423.7,300,1424.98,D
sh600519,贵州茅台,10:01:25,1424.78,1000,1423.7,U
sh600519,贵州茅台,10:01:28,1424.95,410,1424.78,U
sh600519,贵州茅台,10:01:34,1424.15,300,1424.05,E
sh600519,贵州茅台,10:01:40,1425.38,4000,1424.98,U
sh600519,贵州茅台,10:01:43,1425.98,800,1425.38,U
sh600519,贵州茅台,10:01:45,1426.49,200,1425.98,U
sh600519,贵州茅台,10:01:49,1426.11,800,1426.49,E
sh600519,贵州茅台,10:01:52,1426.65,300,1426.11,U
sh600519,贵州茅台,10:01:55,1426.49,400,1426.65,E
sh600519,贵州茅台,10:01:58,1426.19,200,1426.49,D
sh600519,贵州茅台,10:02:04,1426.19,600,1426.19,D
sh600519,贵州茅台,10:02:07,1426.02,400,1426.19,D
sh600519,贵州茅台,10:02:10,1425.78,700,1426.02,D
sh600519,贵州茅台,10:02:13,1426.02,1000,1425.78,U
sh600519,贵州茅台,10:02:16,1426.19,1300,1426.02,U
sh600519,贵州茅台,10:02:19,1426.02,500,1426.19,D
sh600519,贵州茅台,10:02:25,1426.17,300,1426.02,E
sh600519,贵州茅台,10:02:31,1426.0,1000,1426.17,E
sh600519,贵州茅台,10:02:34,1426.0,500,1426.0,D
sh600519,贵州茅台,10:02:37,1425.86,500,1426.0,D
sh600519,贵州茅台,10:02:43,1425.83,400,1425.86,D
sh600519,贵州茅台,10:02:46,1425.84,900,1425.83,U
sh600519,贵州茅台,10:02:49,1425.01,1100,1425.84,D
sh600519,贵州茅台,10:02:55,1425.4,900,1425.01,U
sh600519,贵州茅台,10:02:58,1425.4,800,1425.4,U
sh600519,贵州茅台,10:03:01,1425.0,400,1425.4,D
sh600519,贵州茅台,10:03:04,1425.01,600,1425.0,E
sh600519,贵州茅台,10:03:07,1425.0,1300,1425.01,D
sh600519,贵州茅台,10:03:10,1425.4,1200,1425.0,U
sh600519,贵州茅台,10:03:13,1425.85,900,1425.4,U
sh600519,贵州茅台,10:03:16,1425.88,1500,1425.85,U
sh600519,贵州茅台,10:03:19,1426.49,6000,1425.88,U
sh600519,贵州茅台,10:03:22,1426.51,1100,1426.49,U
sh600519,贵州茅台,10:03:25,1426.32,600,1426.51,D
sh600519,贵州茅台,10:03:27,1426.19,300,1426.32,D
sh600519,贵州茅台,10:03:31,1426.53,600,1426.19,U
sh600519,贵州茅台,10:03:34,1426.78,700,1426.53,U
sh600519,贵州茅台,10:03:37,1426.77,1700,1426.78,D
sh600519,贵州茅台,10:03:40,1426.34,600,1426.77,D
sh600519,贵州茅台,10:03:46,1426.5,600,1426.34,D
sh600519,贵州茅台,10:03:49,1426.5,300,1426.5,D
sh600519,贵州茅台,10:03:52,1426.74,1300,1426.5,U
sh600519,贵州茅台,10:03:55,1426.34,300,1426.74,D
sh600519,贵州茅台,10:03:58,1426.48,600,1426.34,U
sh600519,贵州茅台,10:04:01,1426.35,900,1426.48,D
sh600519,贵州茅台,10:04:04,1427.39,11300,1426.35,U
sh600519,贵州茅台,10:04:07,1427.8,3120,1427.39,U
sh600519,贵州茅台,10:04:10,1427.88,2013,1427.8,U
sh600519,贵州茅台,10:04:13,1427.9,1000,1427.88,U
sh600519,贵州茅台,10:04:16,1427.82,2100,1427.9,D
sh600519,贵州茅台,10:04:19,1427.5,700,1427.82,D
sh600519,贵州茅台,10:04:22,1427.8,1100,1427.5,E
sh600519,贵州茅台,10:04:25,1427.52,600,1427.8,D
sh600519,贵州茅台,10:04:28,1427.52,1000,1427.52,E
sh600519,贵州茅台,10:04:31,1427.9,500,1427.52,U
sh600519,贵州茅台,10:04:34,1427.78,600,1427.9,E
sh600519,贵州茅台,10:04:37,1427.97,1500,1427.78,U
sh600519,贵州茅台,10:04:40,1428.01,11600,1427.97,U
sh600519,贵州茅台,10:04:43,1428.01,1400,1428.01,D
sh600519,贵州茅台,10:04:46,1428.44,700,1428.01,U
sh600519,贵州茅台,10:04:49,1428.49,800,1428.44,U
sh600519,贵州茅台,10:04:52,1428.44,400,1428.49,D
sh600519,贵州茅台,10:04:55,1428.44,300,1428.44,D
sh600519,贵州茅台,10:04:58,1428.44,500,1428.44,U
sh600519,贵州茅台,10:05:01,1428.36,3100,1428.44,D
sh600519,贵州茅台,10:05:04,1429.0,9000,1428.36,U
sh600519,贵州茅台,10:05:07,1429.5,1800,1429.0,U
sh600519,贵州茅台,10:05:10,1429.0,1100,1429.5,D
sh600519,贵州茅台,10:05:13,1429.0,1600,1429.0,E
sh600519,贵州茅台,10:05:16,1428.96,900,1429.0,E
sh600519,贵州茅台,10:05:19,1428.88,200,1428.96,D
sh600519,贵州茅台,10:05:22,1428.88,1200,1428.88,D
sh600519,贵州茅台,10:05:25,1428.96,400,1428.88,U
sh600519,贵州茅台,10:05:28,1428.5,500,1428.96,D
sh600519,贵州茅台,10:05:34,1428.55,700,1428.85,E
sh600519,贵州茅台,10:05:37,1428.5,700,1428.55,D
sh600519,贵州茅台,10:05:40,1428.5,1200,1428.5,D
sh600519,贵州茅台,10:05:43,1428.96,2700,1428.5,U
sh600519,贵州茅台,10:05:46,1428.57,1500,1428.96,E
sh600519,贵州茅台,10:05:49,1428.57,400,1428.57,D
sh600519,贵州茅台,10:05:52,1428.5,400,1428.57,D
sh600519,贵州茅台,10:05:55,1428.57,200,1428.5,U
sh600519,贵州茅台,10:05:58,1428.57,300,1428.57,U
sh600519,贵州茅台,10:06:01,1428.11,300,1428.57,D
sh600519,贵州茅台,10:06:04,1428.5,500,1428.11,U
sh600519,贵州茅台,10:06:07,1428.79,2300,1428.5,U
sh600519,贵州茅台,10:06:13,1428.0,300,1428.49,D
sh600519,贵州茅台,10:06:16,1428.5,400,1428.0,U
sh600519,贵州茅台,10:06:19,1428.01,500,1428.5,D
sh600519,贵州茅台,10:06:22,1428.46,400,1428.01,E
sh600519,贵州茅台,10:06:25,1427.99,200,1428.46,E
sh600519,贵州茅台,10:06:28,1427.8,400,1427.99,D
sh600519,贵州茅台,10:06:31,1427.8,200,1427.8,E
sh600519,贵州茅台,10:06:34,1427.18,1300,1427.8,E
sh600519,贵州茅台,10:06:37,1427.0,600,1427.18,E
sh600519,贵州茅台,10:06:40,1426.54,200,1427.0,D
sh600519,贵州茅台,10:06:43,1427.0,300,1426.54,U
sh600519,贵州茅台,10:06:46,1426.8,300,1427.0,E
sh600519,贵州茅台,10:06:49,1426.8,600,1426.8,D
sh600519,贵州茅台,10:06:52,1426.8,1400,1426.8,D
sh600519,贵州茅台,10:06:58,1426.8,400,1426.8,D
sh600519,贵州茅台,10:07:00,1426.8,300,1426.8,U
sh600519,贵州茅台,10:07:04,1427.03,600,1426.8,U
sh600519,贵州茅台,10:07:07,1426.8,700,1427.03,D
sh600519,贵州茅台,10:07:10,1427.8,300,1426.8,U
sh600519,贵州茅台,10:07:13,1428.0,500,1427.8,U
sh600519,贵州茅台,10:07:16,1427.9,400,1428.0,D
sh600519,贵州茅台,10:07:19,1428.13,300,1427.9,U
sh600519,贵州茅台,10:07:22,1428.13,400,1428.13,D
sh600519,贵州茅台,10:07:25,1428.13,200,1428.13,D
sh600519,贵州茅台,10:07:28,1428.13,1300,1428.13,D
sh600519,贵州茅台,10:07:31,1428.13,700,1428.13,U
sh600519,贵州茅台,10:07:34,1428.13,400,1428.13,U
sh600519,贵州茅台,10:07:37,1428.15,1100,1428.13,U
sh600519,贵州茅台,10:07:40,1427.9,500,1428.15,D
sh600519,贵州茅台,10:07:46,1427.9,200,1427.9,D
sh600519,贵州茅台,10:07:49,1427.93,400,1427.9,U
sh600519,贵州茅台,10:07:55,1427.38,400,1427.9,E
sh600519,贵州茅台,10:07:58,1426.84,400,1427.38,E
sh600519,贵州茅台,10:08:01,1427.9,400,1426.84,E
sh600519,贵州茅台,10:08:04,1427.9,700,1427.9,D
sh600519,贵州茅台,10:08:10,1427.91,600,1427.9,E
sh600519,贵州茅台,10:08:19,1427.3,300,1427.91,E
sh600519,贵州茅台,10:08:22,1427.3,400,1427.3,D
sh600519,贵州茅台,10:08:25,1427.05,500,1427.3,D
sh600519,贵州茅台,10:08:34,1427.0,300,1427.0,D
sh600519,贵州茅台,10:08:46,1426.9,1200,1426.99,D
sh600519,贵州茅台,10:08:52,1426.85,300,1426.9,D
sh600519,贵州茅台,10:08:55,1426.86,200,1426.85,D
sh600519,贵州茅台,10:08:58,1426.8,1200,1426.86,D
sh600519,贵州茅台,10:09:01,1427.0,1100,1426.8,U
sh600519,贵州茅台,10:09:04,1426.5,700,1427.0,D
sh600519,贵州茅台,10:09:07,1426.51,200,1426.5,E
sh600519,贵州茅台,10:09:13,1426.51,700,1426.51,D
sh600519,贵州茅台,10:09:19,1426.35,500,1426.41,D
sh600519,贵州茅台,10:09:22,1426.34,700,1426.35,D
sh600519,贵州茅台,10:09:25,1426.35,300,1426.34,U
sh600519,贵州茅台,10:09:28,1426.34,1400,1426.35,D
sh600519,贵州茅台,10:09:31,1426.34,300,1426.34,D
sh600519,贵州茅台,10:09:34,1426.34,500,1426.34,D
sh600519,贵州茅台,10:09:37,1426.3,600,1426.34,D
sh600519,贵州茅台,10:09:40,1426.28,500,1426.3,D
sh600519,贵州茅台,10:09:43,1426.0,200,1426.28,D
sh600519,贵州茅台,10:09:46,1426.0,600,1426.0,D
sh600519,贵州茅台,10:09:49,1426.3,1900,1426.0,U
sh600519,贵州茅台,10:09:52,1426.3,300,1426.3,D
sh600519,贵州茅台,10:09:55,1426.33,700,1426.3,U
sh600519,贵州茅台,10:09:58,1426.3,200,1426.33,D
sh600519,贵州茅台,10:10:01,1426.35,600,1426.3,U
sh600519,贵州茅台,10:10:04,1426.35,200,1426.35,U
sh600519,贵州茅台,10:10:07,1426.35,400,1426.35,U
sh600519,贵州茅台,10:10:10,1426.51,400,1426.35,U
sh600519,贵州茅台,10:10:13,1426.8,300,1426.51,U
sh600519,贵州茅台,10:10:19,1426.84,700,1426.84,U
sh600519,贵州茅台,10:10:25,1426.84,300,1426.84,D
sh600519,贵州茅台,10:10:28,1426.99,600,1426.84,U
sh600519,贵州茅台,10:10:37,1426.53,300,1426.84,D
sh600519,贵州茅台,10:10:40,1427.0,600,1426.53,U
sh600519,贵州茅台,10:10:58,1427.02,400,1427.0,U
sh600519,贵州茅台,10:11:01,1427.0,200,1427.02,E
sh600519,贵州茅台,10:11:04,1426.26,1900,1427.0,D
sh600519,贵州茅台,10:11:07,1426.25,300,1426.26,U
sh600519,贵州茅台,10:11:10,1426.29,600,1426.25,U
sh600519,贵州茅台,10:11:19,1426.01,200,1426.01,E
sh600519,贵州茅台,10:11:34,1425.06,200,1425.55,D
sh600519,贵州茅台,10:11:43,1425.05,400,1425.05,E
sh600519,贵州茅台,10:11:52,1425.05,900,1425.05,U
sh600519,贵州茅台,10:11:55,1425.0,1500,1425.05,D
sh600519,贵州茅台,10:12:07,1425.0,200,1424.5,U
sh600519,贵州茅台,10:12:16,1424.51,200,1424.5,U
sh600519,贵州茅台,10:12:19,1424.51,300,1424.51,U
sh600519,贵州茅台,10:12:25,1424.51,600,1424.51,D
sh600519,贵州茅台,10:12:28,1424.51,200,1424.51,E
sh600519,贵州茅台,10:12:31,1425.0,200,1424.51,U
sh600519,贵州茅台,10:12:34,1425.0,400,1425.0,D
sh600519,贵州茅台,10:12:40,1425.01,800,1425.01,U
sh600519,贵州茅台,10:12:43,1425.0,200,1425.01,D
sh600519,贵州茅台,10:12:46,1425.0,300,1425.0,D
sh600519,贵州茅台,10:12:49,1425.03,600,1425.0,U
sh600519,贵州茅台,10:12:52,1425.05,400,1425.03,U
sh600519,贵州茅台,10:12:55,1425.16,1000,1425.05,E
sh600519,贵州茅台,10:12:58,1426.04,300,1425.16,U
sh600519,贵州茅台,10:13:01,1426.35,200,1426.04,U
sh600519,贵州茅台,10:13:04,1426.01,700,1426.35,D
sh600519,贵州茅台,10:13:13,1425.01,400,1426.19,D
sh600519,贵州茅台,10:13:16,1425.0,500,1425.01,D
sh600519,贵州茅台,10:13:22,1425.01,400,1425.01,D
sh600519,贵州茅台,10:13:31,1425.02,300,1425.01,D
sh600519,贵州茅台,10:13:34,1424.86,400,1425.02,D
sh600519,贵州茅台,10:13:37,1425.01,300,1424.86,U
sh600519,贵州茅台,10:13:46,1424.8,300,1424.86,D
sh600519,贵州茅台,10:14:04,1424.5,200,1424.32,U
sh600519,贵州茅台,10:14:07,1424.86,400,1424.5,U
sh600519,贵州茅台,10:14:10,1424.87,200,1424.86,E
sh600519,贵州茅台,10:14:13,1424.51,400,1424.87,D
sh600519,贵州茅台,10:14:19,1424.88,700,1424.51,U
sh600519,贵州茅台,10:14:22,1425.01,400,1424.88,U
sh600519,贵州茅台,10:14:25,1425.06,200,1425.01,U
sh600519,贵州茅台,10:14:28,1425.03,300,1425.06,D
sh600519,贵州茅台,10:14:31,1425.06,400,1425.03,E
sh600519,贵州茅台,10:14:34,1425.08,200,1425.06,U
sh600519,贵州茅台,10:14:37,1425.06,200,1425.08,E
sh600519,贵州茅台,10:14:40,1425.07,200,1425.06,E
sh600519,贵州茅台,10:14:46,1425.03,200,1425.06,D
sh600519,贵州茅台,10:14:49,1425.07,200,1425.03,D
sh600519,贵州茅台,10:15:01,1425.1,400,1425.08,U
sh600519,贵州茅台,10:15:07,1425.03,500,1425.08,D
sh600519,贵州茅台,10:15:10,1425.03,300,1425.03,U
sh600519,贵州茅台,10:15:16,1425.0,200,1425.03,D
sh600519,贵州茅台,10:15:19,1425.03,300,1425.0,U
sh600519,贵州茅台,10:15:22,1425.08,400,1425.03,U
sh600519,贵州茅台,10:15:25,1425.08,200,1425.08,E
sh600519,贵州茅台,10:15:34,1425.16,200,1425.08,U
sh600519,贵州茅台,10:15:37,1425.19,300,1425.16,U
sh600519,贵州茅台,10:15:43,1425.18,400,1425.18,D
sh600519,贵州茅台,10:15:46,1425.14,200,1425.18,D
sh600519,贵州茅台,10:15:49,1425.99,800,1425.14,U
sh600519,贵州茅台,10:15:55,1425.08,200,1425.99,D
sh600519,贵州茅台,10:15:58,1425.98,200,1425.08,U
sh600519,贵州茅台,10:16:07,1425.08,200,1425.09,D
sh600519,贵州茅台,10:16:10,1425.08,400,1425.08,E
sh600519,贵州茅台,10:16:19,1425.98,200,1425.24,U
sh600519,贵州茅台,10:16:22,1426.03,1200,1425.98,U
sh600519,贵州茅台,10:16:25,1426.04,200,1426.03,U
sh600519,贵州茅台,10:16:28,1426.0,200,1426.04,D
sh600519,贵州茅台,10:16:37,1426.0,400,1426.05,D
sh600519,贵州茅台,10:16:40,1425.97,2200,1426.0,D
sh600519,贵州茅台,10:16:43,1425.05,1100,1425.97,D
sh600519,贵州茅台,10:16:46,1425.05,200,1425.05,U
sh600519,贵州茅台,10:16:48,1425.04,400,1425.05,D
sh600519,贵州茅台,10:16:52,1425.04,200,1425.04,E
sh600519,贵州茅台,10:17:04,1425.0,1100,1425.0,D
sh600519,贵州茅台,10:17:07,1424.8,200,1425.0,D
sh600519,贵州茅台,10:17:10,1424.53,500,1424.8,D
sh600519,贵州茅台,10:17:16,1424.5,400,1424.53,D
sh600519,贵州茅台,10:17:19,1424.31,200,1424.5,D
sh600519,贵州茅台,10:17:22,1424.97,200,1424.31,U
sh600519,贵州茅台,10:17:25,1424.18,6300,1424.97,D
sh600519,贵州茅台,10:17:31,1424.18,900,1424.19,D
sh600519,贵州茅台,10:17:34,1425.03,500,1424.18,E
sh600519,贵州茅台,10:17:40,1424.23,200,1425.03,E
sh600519,贵州茅台,10:18:01,1424.17,700,1425.02,D
sh600519,贵州茅台,10:18:04,1424.24,200,1424.17,E
sh600519,贵州茅台,10:18:10,1424.16,3300,1424.24,D
sh600519,贵州茅台,10:18:13,1425.03,600,1424.16,E
sh600519,贵州茅台,10:18:19,1424.25,600,1425.03,D
sh600519,贵州茅台,10:18:25,1424.25,700,1424.25,D
sh600519,贵州茅台,10:18:31,1425.0,2000,1424.25,U
sh600519,贵州茅台,10:18:34,1424.2,3800,1425.0,U
sh600519,贵州茅台,10:18:37,1424.0,2400,1424.2,D
sh600519,贵州茅台,10:18:40,1424.16,900,1424.0,U
sh600519,贵州茅台,10:18:43,1424.0,700,1424.16,D
sh600519,贵州茅台,10:18:49,1423.68,400,1424.0,D
sh600519,贵州茅台,10:18:52,1423.88,700,1423.68,U
sh600519,贵州茅台,10:18:55,1423.68,200,1423.88,D
sh600519,贵州茅台,10:19:01,1423.88,500,1423.68,U
sh600519,贵州茅台,10:19:10,1423.68,300,1423.88,D
sh600519,贵州茅台,10:19:13,1423.88,200,1423.68,U
sh600519,贵州茅台,10:19:16,1423.68,300,1423.88,D
sh600519,贵州茅台,10:19:22,1423.71,300,1423.68,U
sh600519,贵州茅台,10:19:28,1423.88,700,1423.6,U
sh600519,贵州茅台,10:19:31,1424.0,400,1423.88,U
sh600519,贵州茅台,10:19:37,1424.21,300,1423.89,U
sh600519,贵州茅台,10:19:40,1423.88,300,1424.21,D
sh600519,贵州茅台,10:19:43,1423.88,300,1423.88,U
sh600519,贵州茅台,10:19:52,1423.85,500,1423.87,D
sh600519,贵州茅台,10:20:04,1423.85,200,1423.85,D
sh600519,贵州茅台,10:20:07,1423.87,200,1423.85,U
sh600519,贵州茅台,10:20:13,1423.9,200,1423.9,U
sh600519,贵州茅台,10:20:22,1423.9,200,1423.9,U
sh600519,贵州茅台,10:20:28,1423.9,200,1423.9,D
sh600519,贵州茅台,10:20:31,1423.69,300,1423.9,D
sh600519,贵州茅台,10:20:40,1423.93,200,1423.93,D
sh600519,贵州茅台,10:20:58,1423.8,300,1423.93,D
sh600519,贵州茅台,10:21:01,1423.7,200,1423.8,D
sh600519,贵州茅台,10:21:10,1423.68,200,1423.7,D
sh600519,贵州茅台,10:21:16,1423.4,200,1423.68,D
sh600519,贵州茅台,10:21:25,1423.7,500,1423.49,U
sh600519,贵州茅台,10:21:40,1423.4,200,1423.4,D
sh600519,贵州茅台,10:21:43,1423.4,400,1423.4,U
sh600519,贵州茅台,10:21:46,1423.38,400,1423.4,D
sh600519,贵州茅台,10:21:49,1423.38,300,1423.38,D
sh600519,贵州茅台,10:21:52,1423.4,200,1423.38,E
sh600519,贵州茅台,10:21:58,1423.11,500,1423.4,D
sh600519,贵州茅台,10:22:04,1423.66,310,1423.38,U
sh600519,贵州茅台,10:22:10,1423.66,300,1423.38,U
sh600519,贵州茅台,10:22:22,1423.66,200,1423.66,D
sh600519,贵州茅台,10:22:25,1423.67,300,1423.66,U
sh600519,贵州茅台,10:22:28,1423.7,400,1423.67,U
sh600519,贵州茅台,10:22:31,1423.7,500,1423.7,U
sh600519,贵州茅台,10:22:37,1423.68,200,1423.66,E
sh600519,贵州茅台,10:22:40,1423.66,300,1423.68,D
sh600519,贵州茅台,10:22:43,1423.66,200,1423.66,E
sh600519,贵州茅台,10:22:46,1423.67,300,1423.66,U
sh600519,贵州茅台,10:22:55,1423.67,300,1423.67,U
sh600519,贵州茅台,10:23:04,1423.42,600,1423.66,D
sh600519,贵州茅台,10:23:07,1423.6,300,1423.42,U
sh600519,贵州茅台,10:23:10,1423.67,1400,1423.6,U
sh600519,贵州茅台,10:23:43,1423.64,200,1423.7,D
sh600519,贵州茅台,10:23:55,1423.63,200,1423.64,U
sh600519,贵州茅台,10:24:04,1423.64,300,1423.66,D
sh600519,贵州茅台,10:24:31,1423.64,300,1423.63,U
sh600519,贵州茅台,10:24:40,1423.67,300,1423.67,U
sh600519,贵州茅台,10:24:43,1423.77,200,1423.67,U
sh600519,贵州茅台,10:24:55,1423.83,200,1423.77,U
sh600519,贵州茅台,10:24:58,1423.8,300,1423.83,D
sh600519,贵州茅台,10:25:04,1423.95,200,1423.8,U
sh600519,贵州茅台,10:25:13,1424.0,300,1423.96,U
sh600519,贵州茅台,10:25:16,1423.96,200,1424.0,D
sh600519,贵州茅台,10:25:22,1424.24,300,1423.96,U
sh600519,贵州茅台,10:25:49,1424.89,1100,1424.01,U
sh600519,贵州茅台,10:26:04,1424.88,900,1424.27,U
sh600519,贵州茅台,10:26:07,1424.27,600,1424.88,D
sh600519,贵州茅台,10:26:10,1424.79,200,1424.27,E
sh600519,贵州茅台,10:26:28,1424.74,7600,1424.79,E
sh600519,贵州茅台,10:26:52,1424.7,200,1424.28,U
sh600519,贵州茅台,10:26:55,1424.7,600,1424.7,D
sh600519,贵州茅台,10:27:07,1424.7,600,1424.71,D
sh600519,贵州茅台,10:27:10,1424.72,200,1424.7,U
sh600519,贵州茅台,10:27:16,1424.7,200,1424.72,D
sh600519,贵州茅台,10:27:25,1424.72,300,1424.7,U
sh600519,贵州茅台,10:27:34,1424.7,200,1424.7,U
sh600519,贵州茅台,10:27:40,1424.72,300,1424.66,U
sh600519,贵州茅台,10:27:46,1424.75,300,1424.72,U
sh600519,贵州茅台,10:27:49,1424.75,200,1424.75,U
sh600519,贵州茅台,10:27:55,1424.76,200,1424.75,U
sh600519,贵州茅台,10:27:58,1424.72,1200,1424.76,D
sh600519,贵州茅台,10:28:19,1424.62,600,1424.7,D
sh600519,贵州茅台,10:28:25,1424.7,200,1424.62,U
sh600519,贵州茅台,10:28:28,1424.72,600,1424.7,U
sh600519,贵州茅台,10:28:31,1424.31,600,1424.72,D
sh600519,贵州茅台,10:28:37,1424.31,200,1424.31,U
sh600519,贵州茅台,10:28:40,1424.31,500,1424.31,U
sh600519,贵州茅台,10:28:49,1424.31,400,1424.31,U
sh600519,贵州茅台,10:28:52,1424.3,200,1424.31,D
sh600519,贵州茅台,10:29:01,1424.3,200,1424.31,D
sh600519,贵州茅台,10:29:04,1424.3,700,1424.3,D
sh600519,贵州茅台,10:29:07,1424.3,200,1424.3,D
sh600519,贵州茅台,10:29:10,1424.3,300,1424.3,D
sh600519,贵州茅台,10:29:13,1424.3,200,1424.3,D
sh600519,贵州茅台,10:29:16,1424.31,400,1424.3,U
sh600519,贵州茅台,10:29:19,1424.39,200,1424.31,U
sh600519,贵州茅台,10:29:25,1424.31,200,1424.31,D
sh600519,贵州茅台,10:29:49,1424.41,300,1424.28,U
sh600519,贵州茅台,10:29:55,1424.27,200,1424.41,D
sh600519,贵州茅台,10:30:04,1424.17,400,1424.31,D
sh600519,贵州茅台,10:30:07,1424.15,200,1424.17,U
sh600519,贵州茅台,10:30:10,1424.31,400,1424.15,U
sh600519,贵州茅台,10:30:13,1424.0,400,1424.31,D
sh600519,贵州茅台,10:30:25,1424.31,300,1424.01,U
sh600519,贵州茅台,10:30:31,1424.0,299,1424.01,D
sh600519,贵州茅台,10:30:40,1423.71,200,1423.95,D
sh600519,贵州茅台,10:30:49,1423.68,200,1423.71,D
sh600519,贵州茅台,10:31:04,1423.38,1190,1423.7,D
sh600519,贵州茅台,10:31:10,1423.37,500,1423.1,U
sh600519,贵州茅台,10:31:16,1423.0,1300,1423.1,D
sh600519,贵州茅台,10:31:19,1423.37,600,1423.0,U
sh600519,贵州茅台,10:31:22,1422.8,200,1423.37,D
sh600519,贵州茅台,10:31:28,1422.5,200,1422.76,D
sh600519,贵州茅台,10:31:34,1422.2,300,1422.5,D
sh600519,贵州茅台,10:31:37,1422.01,300,1422.2,D
sh600519,贵州茅台,10:31:40,1422.02,300,1422.01,U
sh600519,贵州茅台,10:31:46,1422.03,600,1422.02,U
sh600519,贵州茅台,10:31:49,1422.0,200,1422.03,D
sh600519,贵州茅台,10:31:58,1422.01,601,1422.0,U
sh600519,贵州茅台,10:32:01,1422.0,399,1422.01,D
sh600519,贵州茅台,10:32:04,1422.0,500,1422.0,U
sh600519,贵州茅台,10:32:07,1421.66,1600,1422.0,D
sh600519,贵州茅台,10:32:13,1421.6,200,1421.66,D
sh600519,贵州茅台,10:32:16,1421.56,200,1421.6,D
sh600519,贵州茅台,10:32:21,1421.5,500,1421.5,D
sh600519,贵州茅台,10:32:25,1421.5,200,1421.5,D
sh600519,贵州茅台,10:32:28,1421.5,300,1421.5,D
sh600519,贵州茅台,10:32:43,1421.56,700,1421.56,D
sh600519,贵州茅台,10:32:46,1422.0,600,1421.56,U
sh600519,贵州茅台,10:32:58,1421.98,300,1422.0,D
sh600519,贵州茅台,10:33:19,1421.65,200,1421.58,E
sh600519,贵州茅台,10:33:22,1422.0,300,1421.65,U
sh600519,贵州茅台,10:33:25,1421.61,200,1422.0,E
sh600519,贵州茅台,10:33:34,1421.59,200,1421.61,D
sh600519,贵州茅台,10:33:37,1421.58,300,1421.59,D
sh600519,贵州茅台,10:33:40,1421.58,200,1421.58,D
sh600519,贵州茅台,10:33:58,1421.62,200,1421.59,U
sh600519,贵州茅台,10:34:01,1421.64,200,1421.62,U
sh600519,贵州茅台,10:34:25,1421.68,300,1421.65,U
sh600519,贵州茅台,10:34:43,1421.71,200,1421.68,E
sh600519,贵州茅台,10:34:52,1421.7,200,1421.71,D
sh600519,贵州茅台,10:34:55,1421.7,200,1421.7,D
sh600519,贵州茅台,10:35:04,1421.78,500,1421.98,D
sh600519,贵州茅台,10:35:13,1421.71,1000,1421.78,D
sh600519,贵州茅台,10:35:19,1421.78,300,1421.71,E
sh600519,贵州茅台,10:35:22,1421.74,200,1421.78,D
sh600519,贵州茅台,10:35:28,1421.78,500,1421.74,U
sh600519,贵州茅台,10:35:31,1421.74,200,1421.78,E
sh600519,贵州茅台,10:35:34,1421.71,200,1421.74,U
sh600519,贵州茅台,10:35:37,1421.71,300,1421.71,U
sh600519,贵州茅台,10:35:43,1421.71,200,1421.7,U
sh600519,贵州茅台,10:35:52,1421.7,200,1421.71,D
sh600519,贵州茅台,10:36:10,1421.78,200,1421.71,U
sh600519,贵州茅台,10:36:16,1421.71,200,1421.78,U
sh600519,贵州茅台,10:36:19,1421.69,300,1421.71,D
sh600519,贵州茅台,10:36:25,1421.78,200,1421.69,U
sh600519,贵州茅台,10:36:37,1421.71,300,1421.78,D
sh600519,贵州茅台,10:36:40,1421.71,200,1421.71,D
sh600519,贵州茅台,10:36:46,1421.78,200,1421.71,U
sh600519,贵州茅台,10:36:49,1421.78,400,1421.78,U
sh600519,贵州茅台,10:36:58,1421.71,200,1421.78,D
sh600519,贵州茅台,10:37:04,1421.79,600,1421.78,U
sh600519,贵州茅台,10:37:07,1421.69,400,1421.79,D
sh600519,贵州茅台,10:37:13,1421.69,200,1421.69,D
sh600519,贵州茅台,10:37:24,1421.8,300,1421.69,U
sh600519,贵州茅台,10:37:28,1421.69,200,1421.8,D
sh600519,贵州茅台,10:37:31,1421.69,700,1421.69,D
sh600519,贵州茅台,10:37:34,1421.69,600,1421.69,D
sh600519,贵州茅台,10:37:40,1421.69,400,1421.69,D
sh600519,贵州茅台,10:37:43,1421.69,200,1421.69,D
sh600519,贵州茅台,10:37:46,1421.84,300,1421.69,U
sh600519,贵州茅台,10:37:55,1421.69,200,1421.81,D
sh600519,贵州茅台,10:38:04,1421.91,300,1421.88,U
sh600519,贵州茅台,10:38:10,1421.69,1100,1421.91,D
sh600519,贵州茅台,10:38:13,1421.69,300,1421.69,U
sh600519,贵州茅台,10:38:16,1421.69,200,1421.69,U
sh600519,贵州茅台,10:38:19,1421.69,400,1421.69,U
sh600519,贵州茅台,10:38:28,1421.69,300,1421.69,U
sh600519,贵州茅台,10:38:34,1421.68,300,1421.69,D
sh600519,贵州茅台,10:38:40,1421.69,500,1421.69,U
sh600519,贵州茅台,10:38:43,1421.99,3500,1421.69,U
sh600519,贵州茅台,10:38:46,1421.74,600,1421.99,E
sh600519,贵州茅台,10:38:52,1421.74,200,1422.0,D
sh600519,贵州茅台,10:39:10,1422.0,700,1421.75,U
sh600519,贵州茅台,10:39:19,1422.0,1200,1422.0,U
sh600519,贵州茅台,10:39:22,1422.01,400,1422.0,U
sh600519,贵州茅台,10:39:31,1423.0,300,1423.0,U
sh600519,贵州茅台,10:39:52,1423.0,200,1423.0,U
sh600519,贵州茅台,10:40:04,1423.37,700,1423.0,U
sh600519,贵州茅台,10:40:16,1424.0,300,1423.6,U
sh600519,贵州茅台,10:40:28,1424.0,200,1424.0,U
sh600519,贵州茅台,10:40:34,1423.98,500,1424.0,E
sh600519,贵州茅台,10:40:40,1423.99,800,1423.98,U
sh600519,贵州茅台,10:40:43,1423.63,200,1423.99,E
sh600519,贵州茅台,10:40:55,1423.97,400,1423.63,U
sh600519,贵州茅台,10:41:01,1423.97,200,1423.97,U
sh600519,贵州茅台,10:41:04,1423.01,3000,1423.97,D
sh600519,贵州茅台,10:41:07,1422.99,600,1423.01,D
sh600519,贵州茅台,10:41:10,1422.97,200,1422.99,D
sh600519,贵州茅台,10:41:37,1423.0,200,1423.22,D
sh600519,贵州茅台,10:41:58,1423.36,900,1423.0,U
sh600519,贵州茅台,10:42:01,1423.0,600,1423.36,D
sh600519,贵州茅台,10:42:13,1422.21,200,1422.21,D
sh600519,贵州茅台,10:42:28,1423.0,200,1422.21,U
sh600519,贵州茅台,10:43:01,1423.0,200,1422.21,U
sh600519,贵州茅台,10:43:07,1423.0,200,1423.0,U
sh600519,贵州茅台,10:44:01,1423.0,200,1423.0,U
sh600519,贵州茅台,10:44:16,1422.66,200,1422.99,D
sh600519,贵州茅台,10:44:19,1423.0,200,1422.66,U
sh600519,贵州茅台,10:44:22,1422.3,200,1423.0,D
sh600519,贵州茅台,10:44:43,1422.3,200,1423.0,D
sh600519,贵州茅台,10:44:58,1422.3,300,1423.0,D
sh600519,贵州茅台,10:45:01,1422.9,200,1422.3,U
sh600519,贵州茅台,10:45:19,1422.9,300,1422.3,U
sh600519,贵州茅台,10:45:43,1422.9,200,1423.0,D
sh600519,贵州茅台,10:45:49,1423.0,600,1422.9,U
sh600519,贵州茅台,10:45:58,1423.0,300,1423.0,U
sh600519,贵州茅台,10:46:10,1422.98,200,1422.98,U
sh600519,贵州茅台,10:46:31,1423.0,300,1422.5,U
sh600519,贵州茅台,10:46:34,1423.0,300,1423.0,U
sh600519,贵州茅台,10:46:58,1423.0,300,1423.0,U
sh600519,贵州茅台,10:47:19,1422.53,600,1423.0,D
sh600519,贵州茅台,10:47:22,1423.0,400,1422.53,U
sh600519,贵州茅台,10:47:28,1423.0,700,1423.0,U
sh600519,贵州茅台,10:47:31,1423.0,200,1423.0,E
sh600519,贵州茅台,10:47:40,1423.05,200,1423.0,U
sh600519,贵州茅台,10:47:51,1422.55,900,1422.55,D
sh600519,贵州茅台,10:47:55,1422.54,700,1422.55,D
sh600519,贵州茅台,10:47:58,1422.53,400,1422.54,D
sh600519,贵州茅台,10:48:01,1422.54,200,1422.53,U
sh600519,贵州茅台,10:48:55,1423.0,300,1422.55,U
sh600519,贵州茅台,10:49:28,1422.58,300,1422.99,D
sh600519,贵州茅台,10:49:31,1422.58,200,1422.58,U
sh600519,贵州茅台,10:49:34,1423.03,200,1422.58,U
sh600519,贵州茅台,10:49:54,1423.05,200,1423.04,U
sh600519,贵州茅台,10:50:01,1423.05,300,1423.05,U
sh600519,贵州茅台,10:50:04,1423.05,200,1423.05,U
sh600519,贵州茅台,10:50:13,1423.05,200,1423.06,E
sh600519,贵州茅台,10:50:16,1423.06,1000,1423.05,U
sh600519,贵州茅台,10:50:34,1423.06,500,1423.08,D
sh600519,贵州茅台,10:50:49,1423.08,300,1423.08,D
sh600519,贵州茅台,10:50:54,1423.12,300,1423.08,U
sh600519,贵州茅台,10:51:07,1423.19,800,1423.12,U
sh600519,贵州茅台,10:51:16,1423.1,300,1423.11,D
sh600519,贵州茅台,10:51:25,1423.05,300,1423.08,D
sh600519,贵州茅台,10:51:28,1423.09,300,1423.05,U
sh600519,贵州茅台,10:51:55,1423.03,300,1423.0,D
sh600519,贵州茅台,10:52:10,1422.62,200,1423.03,D
sh600519,贵州茅台,10:52:31,1423.0,200,1422.62,U
sh600519,贵州茅台,10:52:40,1423.0,500,1423.0,U
sh600519,贵州茅台,10:52:43,1423.0,200,1423.0,D
sh600519,贵州茅台,10:52:49,1423.01,200,1423.0,U
sh600519,贵州茅台,10:52:54,1422.63,200,1423.01,E
sh600519,贵州茅台,10:52:58,1422.65,200,1422.63,E
sh600519,贵州茅台,10:53:01,1423.0,200,1422.65,U
sh600519,贵州茅台,10:53:07,1423.0,400,1423.0,D
sh600519,贵州茅台,10:53:10,1423.0,300,1423.0,D
sh600519,贵州茅台,10:53:13,1423.02,200,1423.0,U
sh600519,贵州茅台,10:53:16,1423.0,300,1423.02,E
sh600519,贵州茅台,10:53:22,1423.03,200,1423.03,U
sh600519,贵州茅台,10:53:37,1423.04,200,1423.03,U
sh600519,贵州茅台,10:53:40,1423.0,200,1423.04,U
sh600519,贵州茅台,10:53:46,1423.05,300,1423.05,E
sh600519,贵州茅台,10:53:52,1423.03,200,1423.1,D
sh600519,贵州茅台,10:54:16,1423.1,300,1423.03,U
sh600519,贵州茅台,10:54:25,1423.1,200,1423.1,U
sh600519,贵州茅台,10:54:28,1423.0,1300,1423.1,D
sh600519,贵州茅台,10:54:43,1422.8,500,1423.0,D
sh600519,贵州茅台,10:54:46,1423.0,500,1422.8,U
sh600519,贵州茅台,10:54:49,1423.0,1800,1423.0,U
sh600519,贵州茅台,10:54:52,1422.5,400,1423.0,D
sh600519,贵州茅台,10:54:55,1423.0,900,1422.5,U
sh600519,贵州茅台,10:55:01,1422.93,300,1422.98,U
sh600519,贵州茅台,10:55:19,1422.98,200,1422.98,D
sh600519,贵州茅台,10:55:31,1423.0,300,1423.0,D
sh600519,贵州茅台,10:55:34,1423.1,200,1423.0,U
sh600519,贵州茅台,10:55:37,1422.98,800,1423.1,D
sh600519,贵州茅台,10:55:40,1422.98,700,1422.98,U
sh600519,贵州茅台,10:55:43,1423.1,600,1422.98,U
sh600519,贵州茅台,10:55:46,1423.1,300,1423.1,U
sh600519,贵州茅台,10:55:49,1423.0,600,1423.1,D
sh600519,贵州茅台,10:56:10,1423.0,200,1423.0,U
sh600519,贵州茅台,10:56:13,1423.04,200,1423.0,U
sh600519,贵州茅台,10:56:37,1423.1,200,1423.01,U
sh600519,贵州茅台,10:56:43,1423.09,300,1423.01,U
sh600519,贵州茅台,10:56:46,1423.09,200,1423.09,U
sh600519,贵州茅台,10:56:49,1423.01,300,1423.09,D
sh600519,贵州茅台,10:56:58,1422.9,1100,1423.01,D
sh600519,贵州茅台,10:57:00,1422.87,500,1422.9,D
sh600519,贵州茅台,10:57:03,1422.87,400,1422.87,D
sh600519,贵州茅台,10:57:07,1423.01,400,1422.87,U
sh600519,贵州茅台,10:57:10,1422.97,400,1423.01,U
sh600519,贵州茅台,10:57:12,1423.0,200,1422.97,E
sh600519,贵州茅台,10:57:28,1422.95,200,1422.85,D
sh600519,贵州茅台,10:57:31,1423.01,200,1422.95,U
sh600519,贵州茅台,10:57:37,1423.0,200,1423.01,U
sh600519,贵州茅台,10:57:43,1423.0,400,1422.96,E
sh600519,贵州茅台,10:58:01,1422.66,700,1422.93,D
sh600519,贵州茅台,10:58:13,1423.11,900,1423.01,U
sh600519,贵州茅台,10:58:16,1423.2,400,1423.11,U
sh600519,贵州茅台,10:58:19,1423.11,300,1423.2,E
sh600519,贵州茅台,10:58:34,1423.05,300,1423.69,D
sh600519,贵州茅台,10:58:37,1423.84,800,1423.05,U
sh600519,贵州茅台,10:58:46,1424.0,300,1423.84,U
sh600519,贵州茅台,10:58:52,1424.0,300,1424.0,U
sh600519,贵州茅台,10:58:55,1424.0,300,1424.0,U
sh600519,贵州茅台,10:59:04,1424.42,300,1424.0,U
sh600519,贵州茅台,10:59:28,1424.43,200,1424.44,D
sh600519,贵州茅台,10:59:31,1424.43,500,1424.43,D
sh600519,贵州茅台,10:59:34,1424.33,400,1424.43,D
sh600519,贵州茅台,10:59:37,1424.0,500,1424.33,D
sh600519,贵州茅台,10:59:49,1424.5,400,1424.52,E
sh600519,贵州茅台,11:00:07,1424.53,300,1424.5,U
sh600519,贵州茅台,11:00:10,1424.53,200,1424.53,U
sh600519,贵州茅台,11:00:16,1424.53,200,1424.53,U
sh600519,贵州茅台,11:00:22,1424.5,400,1424.53,D
sh600519,贵州茅台,11:00:49,1424.0,200,1424.0,D
sh600519,贵州茅台,11:00:52,1424.0,700,1424.0,D
sh600519,贵州茅台,11:00:54,1424.0,200,1424.0,U
sh600519,贵州茅台,11:00:58,1424.5,800,1424.0,U
sh600519,贵州茅台,11:01:07,1424.13,200,1424.5,E
sh600519,贵州茅台,11:01:10,1423.1,500,1424.13,D
sh600519,贵州茅台,11:01:19,1423.92,200,1423.15,U
sh600519,贵州茅台,11:01:37,1423.06,900,1423.92,D
sh600519,贵州茅台,11:01:40,1423.08,400,1423.06,U
sh600519,贵州茅台,11:01:43,1423.03,400,1423.08,D
sh600519,贵州茅台,11:01:46,1423.08,200,1423.03,U
sh600519,贵州茅台,11:01:52,1423.03,300,1423.08,D
sh600519,贵州茅台,11:01:55,1423.08,1500,1423.03,U
sh600519,贵州茅台,11:01:58,1423.08,300,1423.08,U
sh600519,贵州茅台,11:02:01,1423.08,300,1423.08,U
sh600519,贵州茅台,11:02:07,1423.02,200,1423.03,D
sh600519,贵州茅台,11:02:10,1423.08,300,1423.02,U
sh600519,贵州茅台,11:02:16,1423.13,2000,1423.08,U
sh600519,贵州茅台,11:02:19,1423.0,1800,1423.13,D
sh600519,贵州茅台,11:02:22,1423.0,400,1423.0,U
sh600519,贵州茅台,11:02:31,1422.6,300,1422.6,D
sh600519,贵州茅台,11:02:34,1422.6,200,1422.6,D
sh600519,贵州茅台,11:02:43,1423.0,500,1422.6,U
sh600519,贵州茅台,11:02:55,1422.51,200,1422.51,D
sh600519,贵州茅台,11:03:07,1423.0,200,1422.52,U
sh600519,贵州茅台,11:03:19,1423.0,200,1422.5,U
sh600519,贵州茅台,11:03:34,1422.51,300,1422.54,D
sh600519,贵州茅台,11:04:04,1422.51,200,1423.0,D
sh600519,贵州茅台,11:04:46,1422.51,200,1422.97,D
sh600519,贵州茅台,11:04:49,1422.97,300,1422.51,U
sh600519,贵州茅台,11:04:55,1422.97,200,1422.97,U
sh600519,贵州茅台,11:04:58,1423.0,200,1422.97,U
sh600519,贵州茅台,11:05:01,1422.97,700,1423.0,D
sh600519,贵州茅台,11:05:10,1422.97,300,1422.97,D
sh600519,贵州茅台,11:05:19,1422.99,200,1422.87,U
sh600519,贵州茅台,11:05:28,1422.87,1400,1422.99,U
sh600519,贵州茅台,11:05:31,1422.5,200,1422.87,D
sh600519,贵州茅台,11:05:49,1422.87,300,1422.87,U
sh600519,贵州茅台,11:05:52,1422.87,200,1422.87,D
sh600519,贵州茅台,11:06:04,1422.96,200,1422.87,U
sh600519,贵州茅台,11:06:07,1422.99,300,1422.96,U
sh600519,贵州茅台,11:06:10,1423.0,1400,1422.99,U
sh600519,贵州茅台,11:06:46,1424.0,600,1424.0,D
sh600519,贵州茅台,11:06:52,1424.48,500,1424.03,U
sh600519,贵州茅台,11:07:04,1424.53,1900,1424.45,U
sh600519,贵州茅台,11:07:07,1424.56,400,1424.53,U
sh600519,贵州茅台,11:07:10,1424.79,400,1424.56,U
sh600519,贵州茅台,11:07:13,1424.99,1900,1424.79,U
sh600519,贵州茅台,11:07:16,1425.5,3400,1424.99,U
sh600519,贵州茅台,11:07:19,1425.55,900,1425.5,U
sh600519,贵州茅台,11:07:28,1425.7,300,1425.7,U
sh600519,贵州茅台,11:07:31,1424.92,500,1425.7,D
sh600519,贵州茅台,11:07:34,1425.68,300,1424.92,U
sh600519,贵州茅台,11:07:37,1424.45,1000,1425.68,D
sh600519,贵州茅台,11:07:40,1425.6,400,1424.45,U
sh600519,贵州茅台,11:07:49,1424.84,400,1425.6,D
sh600519,贵州茅台,11:07:52,1425.56,1000,1424.84,E
sh600519,贵州茅台,11:07:55,1425.55,200,1425.56,E
sh600519,贵州茅台,11:07:58,1425.6,800,1425.55,U
sh600519,贵州茅台,11:08:01,1425.7,1200,1425.6,U
sh600519,贵州茅台,11:08:04,1425.7,600,1425.7,U
sh600519,贵州茅台,11:08:07,1425.7,300,1425.7,U
sh600519,贵州茅台,11:08:13,1425.57,500,1425.7,D
sh600519,贵州茅台,11:08:16,1425.6,1200,1425.57,U
sh600519,贵州茅台,11:08:19,1426.2,4000,1425.6,U
sh600519,贵州茅台,11:08:22,1426.63,200,1426.2,U
sh600519,贵州茅台,11:08:28,1426.91,200,1426.7,U
sh600519,贵州茅台,11:08:31,1427.0,700,1426.91,U
sh600519,贵州茅台,11:08:34,1426.86,1700,1427.0,D
sh600519,贵州茅台,11:08:43,1426.78,400,1426.91,U
sh600519,贵州茅台,11:08:46,1425.77,2200,1426.78,E
sh600519,贵州茅台,11:08:52,1426.73,300,1426.7,D
sh600519,贵州茅台,11:08:55,1426.6,200,1426.73,D
sh600519,贵州茅台,11:08:58,1426.6,200,1426.6,U
sh600519,贵州茅台,11:09:04,1426.59,300,1426.59,U
sh600519,贵州茅台,11:09:10,1426.59,600,1426.59,U
sh600519,贵州茅台,11:09:16,1425.77,1000,1426.59,D
sh600519,贵州茅台,11:09:19,1426.0,400,1425.77,E
sh600519,贵州茅台,11:09:22,1426.0,700,1426.0,U
sh600519,贵州茅台,11:09:28,1425.76,200,1426.0,D
sh600519,贵州茅台,11:09:31,1425.75,200,1425.76,D
sh600519,贵州茅台,11:09:36,1425.71,300,1425.71,D
sh600519,贵州茅台,11:09:40,1425.77,700,1425.71,U
sh600519,贵州茅台,11:09:43,1425.63,200,1425.77,D
sh600519,贵州茅台,11:09:46,1425.71,300,1425.63,U
sh600519,贵州茅台,11:09:48,1425.0,500,1425.71,D
sh600519,贵州茅台,11:09:55,1425.0,200,1425.0,D
sh600519,贵州茅台,11:10:01,1425.0,300,1425.0,D
sh600519,贵州茅台,11:10:10,1424.64,300,1424.99,D
sh600519,贵州茅台,11:10:16,1425.71,1000,1424.63,U
sh600519,贵州茅台,11:10:21,1424.73,200,1424.65,D
sh600519,贵州茅台,11:10:28,1425.71,600,1424.74,U
sh600519,贵州茅台,11:10:43,1425.06,200,1425.04,D
sh600519,贵州茅台,11:10:46,1425.06,300,1425.06,D
sh600519,贵州茅台,11:10:49,1425.06,200,1425.06,D
sh600519,贵州茅台,11:11:01,1425.07,300,1425.79,D
sh600519,贵州茅台,11:11:04,1425.75,800,1425.07,U
sh600519,贵州茅台,11:11:07,1425.07,300,1425.75,E
sh600519,贵州茅台,11:11:22,1425.75,300,1425.75,U
sh600519,贵州茅台,11:11:31,1425.07,200,1425.75,D
sh600519,贵州茅台,11:11:34,1425.74,600,1425.07,U
sh600519,贵州茅台,11:11:43,1425.68,600,1425.07,U
sh600519,贵州茅台,11:11:49,1425.05,500,1425.68,D
sh600519,贵州茅台,11:11:52,1425.68,700,1425.05,U
sh600519,贵州茅台,11:11:55,1425.68,200,1425.68,U
sh600519,贵州茅台,11:11:58,1425.68,300,1425.68,D
sh600519,贵州茅台,11:12:01,1425.68,200,1425.68,D
sh600519,贵州茅台,11:12:04,1425.59,1000,1425.68,D
sh600519,贵州茅台,11:12:40,1425.0,200,1424.99,U
sh600519,贵州茅台,11:12:46,1425.0,700,1425.0,U
sh600519,贵州茅台,11:12:52,1425.0,300,1425.0,D
sh600519,贵州茅台,11:12:58,1425.0,200,1425.0,E
sh600519,贵州茅台,11:13:07,1425.59,200,1424.83,E
sh600519,贵州茅台,11:13:10,1425.59,200,1425.59,U
sh600519,贵州茅台,11:13:13,1424.83,300,1425.59,D
sh600519,贵州茅台,11:13:18,1424.82,200,1424.82,D
sh600519,贵州茅台,11:13:22,1424.81,200,1424.82,D
sh600519,贵州茅台,11:13:25,1424.45,500,1424.81,D
sh600519,贵州茅台,11:13:37,1424.45,200,1424.45,D
sh600519,贵州茅台,11:13:43,1424.78,200,1424.45,U
sh600519,贵州茅台,11:14:22,1424.79,200,1424.8,U
sh600519,贵州茅台,11:14:25,1424.8,200,1424.79,U
sh600519,贵州茅台,11:14:28,1424.78,200,1424.8,D
sh600519,贵州茅台,11:14:52,1425.0,400,1424.83,U
sh600519,贵州茅台,11:15:01,1425.6,400,1425.31,U
sh600519,贵州茅台,11:15:10,1425.0,200,1425.6,D
sh600519,贵州茅台,11:15:22,1425.59,200,1425.0,U
sh600519,贵州茅台,11:15:28,1425.6,200,1425.6,U
sh600519,贵州茅台,11:15:34,1425.59,300,1425.6,D
sh600519,贵州茅台,11:15:43,1424.99,200,1425.59,D
sh600519,贵州茅台,11:15:49,1424.99,500,1425.64,D
sh600519,贵州茅台,11:15:52,1424.99,200,1424.99,D
sh600519,贵州茅台,11:15:55,1425.31,400,1424.99,U
sh600519,贵州茅台,11:16:34,1425.09,400,1425.09,D
sh600519,贵州茅台,11:17:13,1425.0,300,1425.39,D
sh600519,贵州茅台,11:17:31,1425.29,300,1425.29,U
sh600519,贵州茅台,11:17:49,1425.01,300,1425.01,D
sh600519,贵州茅台,11:17:55,1425.0,200,1425.01,D
sh600519,贵州茅台,11:18:04,1424.97,300,1425.0,D
sh600519,贵州茅台,11:18:07,1425.0,300,1424.97,U
sh600519,贵州茅台,11:18:10,1425.0,200,1425.0,E
sh600519,贵州茅台,11:18:16,1425.01,200,1424.95,U
sh600519,贵州茅台,11:18:22,1425.0,200,1425.0,U
sh600519,贵州茅台,11:18:25,1425.0,200,1425.0,U
sh600519,贵州茅台,11:18:37,1425.0,200,1425.0,E
sh600519,贵州茅台,11:19:01,1424.9,400,1425.0,D
sh600519,贵州茅台,11:19:04,1424.88,900,1424.9,D
sh600519,贵州茅台,11:19:10,1424.87,200,1424.88,D
sh600519,贵州茅台,11:19:13,1424.9,300,1424.87,U
sh600519,贵州茅台,11:19:19,1424.86,200,1424.87,D
sh600519,贵州茅台,11:19:34,1424.91,300,1424.87,U
sh600519,贵州茅台,11:19:37,1425.0,800,1424.91,U
sh600519,贵州茅台,11:19:51,1424.92,300,1424.87,D
sh600519,贵州茅台,11:20:01,1424.92,200,1424.98,D
sh600519,贵州茅台,11:20:16,1425.01,1100,1424.92,U
sh600519,贵州茅台,11:20:19,1425.01,200,1425.01,U
sh600519,贵州茅台,11:20:28,1425.01,300,1425.01,U
sh600519,贵州茅台,11:20:31,1425.0,400,1425.01,D
sh600519,贵州茅台,11:20:34,1425.0,1100,1425.0,D
sh600519,贵州茅台,11:20:43,1425.0,200,1425.24,D
sh600519,贵州茅台,11:20:49,1425.01,200,1425.23,D
sh600519,贵州茅台,11:21:01,1425.0,400,1425.01,D
sh600519,贵州茅台,11:21:10,1425.29,800,1425.0,U
sh600519,贵州茅台,11:21:13,1425.3,400,1425.29,U
sh600519,贵州茅台,11:21:22,1425.3,200,1425.29,U
sh600519,贵州茅台,11:21:25,1425.3,200,1425.3,U
sh600519,贵州茅台,11:21:28,1425.5,700,1425.3,U
sh600519,贵州茅台,11:21:37,1425.6,200,1425.6,D
sh600519,贵州茅台,11:21:49,1425.68,800,1425.59,U
sh600519,贵州茅台,11:21:52,1425.68,1400,1425.68,D
sh600519,贵州茅台,11:21:55,1425.68,300,1425.68,D
sh600519,贵州茅台,11:21:58,1425.69,700,1425.68,E
sh600519,贵州茅台,11:22:01,1425.5,400,1425.69,D
sh600519,贵州茅台,11:22:04,1425.22,400,1425.5,D
sh600519,贵州茅台,11:22:13,1425.73,1600,1425.0,U
sh600519,贵州茅台,11:22:19,1425.0,400,1425.08,D
sh600519,贵州茅台,11:22:22,1425.74,1400,1425.0,U
sh600519,贵州茅台,11:22:34,1425.0,500,1425.08,D
sh600519,贵州茅台,11:22:37,1425.75,1600,1425.0,U
sh600519,贵州茅台,11:22:40,1425.7,300,1425.75,U
sh600519,贵州茅台,11:22:43,1424.98,200,1425.7,D
sh600519,贵州茅台,11:22:49,1424.79,500,1425.0,D
sh600519,贵州茅台,11:22:51,1425.08,2300,1424.79,U
sh600519,贵州茅台,11:23:10,1425.6,200,1425.66,U
sh600519,贵州茅台,11:23:25,1425.54,200,1425.09,U
sh600519,贵州茅台,11:23:40,1425.59,400,1425.6,U
sh600519,贵州茅台,11:23:46,1425.6,200,1425.59,U
sh600519,贵州茅台,11:23:51,1425.01,200,1425.6,D
sh600519,贵州茅台,11:23:58,1425.02,500,1425.02,U
sh600519,贵州茅台,11:24:00,1425.58,200,1425.02,U
sh600519,贵州茅台,11:24:10,1425.51,300,1425.51,D
sh600519,贵州茅台,11:24:13,1425.58,200,1425.51,U
sh600519,贵州茅台,11:24:19,1425.59,300,1425.59,U
sh600519,贵州茅台,11:24:37,1425.41,1900,1425.5,D
sh600519,贵州茅台,11:24:40,1425.51,400,1425.41,U
sh600519,贵州茅台,11:24:43,1425.5,200,1425.51,U
sh600519,贵州茅台,11:24:55,1425.25,200,1425.5,D
sh600519,贵州茅台,11:25:04,1425.13,200,1425.22,D
sh600519,贵州茅台,11:25:18,1425.12,300,1425.0,E
sh600519,贵州茅台,11:25:25,1425.24,200,1425.12,U
sh600519,贵州茅台,11:25:40,1425.0,300,1425.24,D
sh600519,贵州茅台,11:25:46,1425.0,800,1425.0,D
sh600519,贵州茅台,11:25:55,1425.22,200,1425.22,D
sh600519,贵州茅台,11:26:10,1425.23,200,1425.24,D
sh600519,贵州茅台,11:26:22,1425.23,200,1425.23,D
sh600519,贵州茅台,11:26:25,1425.23,200,1425.23,D
sh600519,贵州茅台,11:26:28,1425.23,500,1425.23,D
sh600519,贵州茅台,11:26:37,1425.0,700,1425.25,D
sh600519,贵州茅台,11:26:46,1425.0,148,1425.1,D
sh600519,贵州茅台,11:26:55,1425.1,200,1425.0,D
sh600519,贵州茅台,11:26:58,1425.06,200,1425.1,E
sh600519,贵州茅台,11:27:22,1425.31,300,1425.4,D
sh600519,贵州茅台,11:27:31,1425.07,300,1425.31,D
sh600519,贵州茅台,11:27:34,1425.06,300,1425.07,D
sh600519,贵州茅台,11:27:40,1425.0,700,1425.01,D
sh600519,贵州茅台,11:27:46,1424.45,3052,1425.0,D
sh600519,贵州茅台,11:27:49,1424.55,1000,1424.45,U
sh600519,贵州茅台,11:27:52,1424.68,500,1424.55,U
sh600519,贵州茅台,11:27:55,1424.93,300,1424.68,U
sh600519,贵州茅台,11:27:58,1424.96,1400,1424.93,U
sh600519,贵州茅台,11:28:01,1424.68,1000,1424.96,D
sh600519,贵州茅台,11:28:04,1424.98,648,1424.68,E
sh600519,贵州茅台,11:28:07,1424.37,352,1424.98,E
sh600519,贵州茅台,11:28:10,1424.23,448,1424.37,U
sh600519,贵州茅台,11:28:13,1424.38,200,1424.23,E
sh600519,贵州茅台,11:28:16,1424.23,400,1424.38,D
sh600519,贵州茅台,11:28:19,1425.0,400,1424.23,U
sh600519,贵州茅台,11:28:22,1424.68,500,1425.0,U
sh600519,贵州茅台,11:28:25,1424.02,500,1424.68,D
sh600519,贵州茅台,11:28:28,1424.73,1000,1424.02,U
sh600519,贵州茅台,11:28:31,1425.0,300,1424.73,U
sh600519,贵州茅台,11:28:34,1424.46,200,1425.0,D
sh600519,贵州茅台,11:28:37,1424.97,300,1424.46,E
sh600519,贵州茅台,11:28:43,1424.2,200,1424.98,D
sh600519,贵州茅台,11:28:46,1424.46,200,1424.2,U
sh600519,贵州茅台,11:28:49,1424.98,400,1424.46,U
sh600519,贵州茅台,11:29:01,1424.45,500,1424.42,U
sh600519,贵州茅台,11:29:04,1424.01,500,1424.45,D
sh600519,贵州茅台,11:29:07,1424.25,200,1424.01,U
sh600519,贵州茅台,11:29:25,1424.0,500,1424.01,D
sh600519,贵州茅台,11:29:28,1424.26,700,1424.0,U
sh600519,贵州茅台,11:29:31,1424.26,300,1424.26,D
sh600519,贵州茅台,11:29:34,1424.0,200,1424.26,D
sh600519,贵州茅台,11:29:40,1424.46,200,1424.26,U
sh600519,贵州茅台,11:29:43,1423.92,200,1424.46,D
sh600519,贵州茅台,11:29:46,1424.85,400,1423.92,E
sh600519,贵州茅台,11:29:49,1423.88,300,1424.85,D
sh600519,贵州茅台,11:29:52,1423.92,300,1423.88,U
sh600519,贵州茅台,11:29:54,1423.84,400,1423.92,D
sh600519,贵州茅台,11:29:57,1423.84,200,1423.84,D
sh600519,贵州茅台,11:29:59,1423.97,200,1423.84,U
sh600519,贵州茅台,13:00:03,1424.74,1100,1423.84,U
sh600519,贵州茅台,13:00:07,1424.74,3200,1424.74,D
sh600519,贵州茅台,13:00:10,1424.92,1800,1424.74,U
sh600519,贵州茅台,13:00:13,1424.98,2900,1424.92,U
sh600519,贵州茅台,13:00:16,1425.51,1300,1424.98,U
sh600519,贵州茅台,13:00:19,1426.0,5900,1425.51,U
sh600519,贵州茅台,13:00:22,1427.87,6200,1426.0,U
sh600519,贵州茅台,13:00:25,1428.25,9850,1427.87,U
sh600519,贵州茅台,13:00:28,1429.0,10820,1428.25,U
sh600519,贵州茅台,13:00:31,1429.51,18100,1429.0,U
sh600519,贵州茅台,13:00:34,1429.3,4000,1429.51,D
sh600519,贵州茅台,13:00:37,1429.2,2800,1429.3,E
sh600519,贵州茅台,13:00:40,1428.28,600,1429.2,U
sh600519,贵州茅台,13:00:43,1429.0,1400,1428.28,U
sh600519,贵州茅台,13:00:46,1429.0,800,1429.0,U
sh600519,贵州茅台,13:00:52,1428.78,1000,1428.9,E
sh600519,贵州茅台,13:00:58,1427.4,200,1428.8,D
sh600519,贵州茅台,13:01:01,1428.53,200,1427.4,E
sh600519,贵州茅台,13:01:04,1427.26,400,1428.53,D
sh600519,贵州茅台,13:01:07,1428.5,900,1427.26,U
sh600519,贵州茅台,13:01:10,1427.93,400,1428.5,E
sh600519,贵州茅台,13:01:13,1428.5,200,1427.93,U
sh600519,贵州茅台,13:01:19,1427.54,400,1428.5,U
sh600519,贵州茅台,13:01:22,1427.98,800,1427.54,U
sh600519,贵州茅台,13:01:28,1427.4,600,1427.98,U
sh600519,贵州茅台,13:01:31,1428.01,700,1427.4,U
sh600519,贵州茅台,13:01:34,1428.43,200,1428.01,U
sh600519,贵州茅台,13:01:37,1427.4,700,1428.43,D
sh600519,贵州茅台,13:01:40,1428.01,200,1427.4,U
sh600519,贵州茅台,13:01:49,1428.03,600,1427.51,U
sh600519,贵州茅台,13:01:58,1427.99,900,1428.0,E
sh600519,贵州茅台,13:02:01,1428.03,500,1427.99,D
sh600519,贵州茅台,13:02:04,1427.4,700,1428.03,D
sh600519,贵州茅台,13:02:07,1427.42,400,1427.4,E
sh600519,贵州茅台,13:02:16,1427.3,600,1427.41,D
sh600519,贵州茅台,13:02:28,1427.0,200,1426.35,E
sh600519,贵州茅台,13:02:34,1427.0,300,1426.53,U
sh600519,贵州茅台,13:02:49,1426.54,500,1426.55,D
sh600519,贵州茅台,13:02:52,1426.54,600,1426.54,D
sh600519,贵州茅台,13:02:58,1426.28,300,1426.54,D
sh600519,贵州茅台,13:03:01,1426.55,900,1426.28,U
sh600519,贵州茅台,13:03:03,1426.55,300,1426.55,U
sh600519,贵州茅台,13:03:13,1426.53,200,1426.24,D
sh600519,贵州茅台,13:03:25,1426.55,300,1426.55,D
sh600519,贵州茅台,13:03:52,1426.0,200,1426.0,D
sh600519,贵州茅台,13:03:55,1426.01,300,1426.0,U
sh600519,贵州茅台,13:04:04,1426.0,300,1426.0,U
sh600519,贵州茅台,13:04:07,1426.5,300,1426.0,U
sh600519,贵州茅台,13:04:13,1426.01,200,1426.5,D
sh600519,贵州茅台,13:04:16,1426.0,200,1426.01,D
sh600519,贵州茅台,13:04:28,1426.46,200,1426.05,U
sh600519,贵州茅台,13:04:43,1425.67,300,1426.5,D
sh600519,贵州茅台,13:04:49,1425.67,200,1425.67,D
sh600519,贵州茅台,13:04:52,1426.5,700,1425.67,U
sh600519,贵州茅台,13:04:55,1426.49,200,1426.5,D
sh600519,贵州茅台,13:05:01,1425.66,200,1426.4,D
sh600519,贵州茅台,13:05:04,1425.72,200,1425.66,U
sh600519,贵州茅台,13:05:07,1426.4,200,1425.72,U
sh600519,贵州茅台,13:05:10,1425.74,200,1426.4,D
sh600519,贵州茅台,13:05:22,1426.4,600,1425.75,U
sh600519,贵州茅台,13:05:34,1425.72,200,1425.72,E
sh600519,贵州茅台,13:05:46,1425.73,300,1425.67,U
sh600519,贵州茅台,13:05:52,1425.64,200,1425.73,D
sh600519,贵州茅台,13:06:04,1425.73,300,1425.64,U
sh600519,贵州茅台,13:06:10,1425.73,300,1425.73,U
sh600519,贵州茅台,13:06:13,1425.73,300,1425.73,D
sh600519,贵州茅台,13:06:18,1425.73,700,1425.73,U
sh600519,贵州茅台,13:06:25,1425.73,400,1425.73,D
sh600519,贵州茅台,13:06:33,1425.73,300,1425.77,D
sh600519,贵州茅台,13:06:40,1425.73,200,1425.73,D
sh600519,贵州茅台,13:06:43,1425.74,200,1425.73,D
sh600519,贵州茅台,13:06:46,1425.62,400,1425.74,D
sh600519,贵州茅台,13:06:55,1425.73,200,1425.65,U
sh600519,贵州茅台,13:07:04,1425.5,200,1425.61,D
sh600519,贵州茅台,13:07:13,1425.62,400,1425.07,U
sh600519,贵州茅台,13:07:19,1425.61,200,1425.73,D
sh600519,贵州茅台,13:07:22,1425.61,200,1425.61,D
sh600519,贵州茅台,13:07:28,1425.59,200,1425.61,E
sh600519,贵州茅台,13:07:31,1425.0,300,1425.59,D
sh600519,贵州茅台,13:07:34,1425.56,200,1425.0,U
sh600519,贵州茅台,13:07:52,1425.07,1400,1425.08,D
sh600519,贵州茅台,13:07:55,1425.1,800,1425.07,D
sh600519,贵州茅台,13:07:58,1425.08,500,1425.1,D
sh600519,贵州茅台,13:08:07,1425.55,300,1425.12,U
sh600519,贵州茅台,13:08:10,1425.58,200,1425.55,E
sh600519,贵州茅台,13:08:13,1425.74,300,1425.58,U
sh600519,贵州茅台,13:08:24,1425.88,300,1425.74,U
sh600519,贵州茅台,13:08:28,1425.88,300,1425.88,U
sh600519,贵州茅台,13:08:37,1426.0,600,1425.88,U
sh600519,贵州茅台,13:08:46,1426.4,300,1425.89,U
sh600519,贵州茅台,13:08:55,1425.88,200,1426.0,D
sh600519,贵州茅台,13:09:10,1426.0,500,1426.0,U
sh600519,贵州茅台,13:09:13,1425.88,400,1426.0,D
sh600519,贵州茅台,13:09:24,1426.0,300,1425.88,U
sh600519,贵州茅台,13:09:31,1425.31,300,1426.0,D
sh600519,贵州茅台,13:09:43,1425.87,200,1425.32,U
sh600519,贵州茅台,13:10:04,1425.99,400,1425.32,U
sh600519,贵州茅台,13:10:07,1426.0,500,1425.99,U
sh600519,贵州茅台,13:10:10,1426.0,200,1426.0,U
sh600519,贵州茅台,13:10:16,1425.9,200,1426.0,D
sh600519,贵州茅台,13:10:25,1426.0,400,1425.89,U
sh600519,贵州茅台,13:11:04,1425.9,200,1425.92,D
sh600519,贵州茅台,13:11:07,1425.92,500,1425.9,U
sh600519,贵州茅台,13:11:10,1425.9,300,1425.92,D
sh600519,贵州茅台,13:11:13,1425.99,500,1425.9,U
sh600519,贵州茅台,13:11:16,1426.0,300,1425.99,U
sh600519,贵州茅台,13:11:19,1426.33,400,1426.0,U
sh600519,贵州茅台,13:11:22,1426.39,400,1426.33,U
sh600519,贵州茅台,13:11:25,1426.4,300,1426.39,U
sh600519,贵州茅台,13:11:28,1426.53,1000,1426.4,U
sh600519,贵州茅台,13:11:31,1426.55,500,1426.53,U
sh600519,贵州茅台,13:11:40,1426.55,500,1426.43,U
sh600519,贵州茅台,13:11:43,1426.75,300,1426.55,D
sh600519,贵州茅台,13:11:46,1426.75,200,1426.75,D
sh600519,贵州茅台,13:11:52,1426.75,200,1426.75,U
sh600519,贵州茅台,13:11:58,1426.39,300,1426.87,D
sh600519,贵州茅台,13:12:07,1426.99,350,1426.39,U
sh600519,贵州茅台,13:12:10,1426.41,400,1426.99,D
sh600519,贵州茅台,13:12:13,1426.8,300,1426.41,E
sh600519,贵州茅台,13:12:22,1426.78,500,1426.8,U
sh600519,贵州茅台,13:12:40,1426.78,800,1426.78,U
sh600519,贵州茅台,13:12:43,1426.8,200,1426.78,U
sh600519,贵州茅台,13:13:07,1427.0,2200,1426.8,U
sh600519,贵州茅台,13:13:10,1427.0,600,1427.0,E
sh600519,贵州茅台,13:13:22,1427.0,200,1427.0,U
sh600519,贵州茅台,13:13:25,1427.0,500,1427.0,E
sh600519,贵州茅台,13:13:28,1427.38,300,1427.0,U
sh600519,贵州茅台,13:13:37,1426.99,600,1427.0,D
sh600519,贵州茅台,13:13:46,1426.51,200,1426.86,D
sh600519,贵州茅台,13:13:52,1426.5,400,1426.51,D
sh600519,贵州茅台,13:13:58,1427.0,200,1427.0,U
sh600519,贵州茅台,13:14:01,1426.48,400,1427.0,D
sh600519,贵州茅台,13:14:04,1426.48,200,1426.48,U
sh600519,贵州茅台,13:14:07,1426.5,300,1426.48,U
sh600519,贵州茅台,13:14:16,1426.86,500,1426.5,U
sh600519,贵州茅台,13:14:25,1426.44,200,1426.86,D
sh600519,贵州茅台,13:14:27,1426.44,200,1426.44,D
sh600519,贵州茅台,13:14:31,1426.85,200,1426.44,E
sh600519,贵州茅台,13:14:34,1426.44,400,1426.85,D
sh600519,贵州茅台,13:14:43,1426.44,300,1426.44,D
sh600519,贵州茅台,13:14:49,1426.43,400,1426.8,D
sh600519,贵州茅台,13:14:55,1426.0,200,1426.43,D
sh600519,贵州茅台,13:15:04,1425.91,700,1425.93,D
sh600519,贵州茅台,13:15:07,1425.91,2500,1425.91,U
sh600519,贵州茅台,13:15:13,1425.9,1000,1426.61,D
sh600519,贵州茅台,13:15:16,1426.63,600,1425.9,E
sh600519,贵州茅台,13:15:19,1425.87,500,1426.63,E
sh600519,贵州茅台,13:15:28,1426.75,300,1426.75,U
sh600519,贵州茅台,13:15:37,1426.59,200,1426.6,E
sh600519,贵州茅台,13:15:40,1426.6,500,1426.59,U
sh600519,贵州茅台,13:15:43,1425.88,300,1426.6,D
sh600519,贵州茅台,13:15:46,1425.88,700,1425.88,U
sh600519,贵州茅台,13:15:52,1426.6,200,1425.88,U
sh600519,贵州茅台,13:15:55,1425.89,200,1426.6,E
sh600519,贵州茅台,13:16:07,1426.5,2500,1425.89,U
sh600519,贵州茅台,13:16:19,1426.53,200,1426.59,D
sh600519,贵州茅台,13:16:43,1425.93,400,1426.53,D
sh600519,贵州茅台,13:16:46,1426.5,300,1425.93,U
sh600519,贵州茅台,13:17:04,1426.17,200,1425.97,U
sh600519,贵州茅台,13:17:16,1426.5,200,1426.03,U
sh600519,贵州茅台,13:17:19,1426.53,1000,1426.5,U
sh600519,贵州茅台,13:17:22,1426.56,900,1426.53,U
sh600519,贵州茅台,13:17:25,1426.59,200,1426.56,U
sh600519,贵州茅台,13:17:28,1426.56,500,1426.59,E
sh600519,贵州茅台,13:17:31,1426.6,200,1426.56,U
sh600519,贵州茅台,13:17:34,1426.55,300,1426.6,D
sh600519,贵州茅台,13:17:46,1426.53,600,1426.53,D
sh600519,贵州茅台,13:17:49,1426.53,300,1426.53,D
sh600519,贵州茅台,13:17:51,1426.49,200,1426.53,D
sh600519,贵州茅台,13:17:55,1426.54,600,1426.49,U
sh600519,贵州茅台,13:18:01,1426.52,300,1426.54,U
sh600519,贵州茅台,13:18:16,1425.9,200,1425.83,D
sh600519,贵州茅台,13:18:37,1426.49,200,1426.03,U
sh600519,贵州茅台,13:18:49,1426.5,1800,1426.5,U
sh600519,贵州茅台,13:19:07,1426.55,3100,1426.0,U
sh600519,贵州茅台,13:19:10,1426.51,400,1426.55,E
sh600519,贵州茅台,13:19:13,1426.51,200,1426.51,D
sh600519,贵州茅台,13:19:19,1426.63,300,1426.51,U
sh600519,贵州茅台,13:19:25,1426.65,300,1426.51,U
sh600519,贵州茅台,13:19:37,1426.6,200,1426.6,D
sh600519,贵州茅台,13:19:49,1426.75,200,1426.79,U
sh600519,贵州茅台,13:19:52,1426.79,300,1426.75,U
sh600519,贵州茅台,13:19:58,1426.4,200,1426.79,D
sh600519,贵州茅台,13:20:01,1426.4,200,1426.4,D
sh600519,贵州茅台,13:20:07,1426.79,1200,1426.69,U
sh600519,贵州茅台,13:20:10,1426.69,1116,1426.79,D
sh600519,贵州茅台,13:20:16,1426.78,200,1426.69,U
sh600519,贵州茅台,13:20:22,1426.69,200,1426.8,D
sh600519,贵州茅台,13:20:28,1426.84,200,1426.69,U
sh600519,贵州茅台,13:20:49,1426.69,1100,1426.7,D
sh600519,贵州茅台,13:20:52,1426.8,217,1426.69,U
sh600519,贵州茅台,13:20:58,1426.9,500,1426.86,U
sh600519,贵州茅台,13:21:04,1426.97,400,1426.92,U
sh600519,贵州茅台,13:21:07,1427.36,2400,1426.97,U
sh600519,贵州茅台,13:21:10,1427.44,500,1427.36,U
sh600519,贵州茅台,13:21:13,1427.5,600,1427.44,U
sh600519,贵州茅台,13:21:16,1427.55,300,1427.5,U
sh600519,贵州茅台,13:21:19,1427.58,600,1427.55,U
sh600519,贵州茅台,13:21:22,1427.88,200,1427.58,U
sh600519,贵州茅台,13:21:28,1427.5,1400,1427.88,D
sh600519,贵州茅台,13:21:31,1428.0,500,1427.5,U
sh600519,贵州茅台,13:21:34,1427.99,200,1428.0,D
sh600519,贵州茅台,13:21:37,1428.08,5200,1427.99,U
sh600519,贵州茅台,13:21:40,1428.11,1300,1428.08,U
sh600519,贵州茅台,13:21:43,1428.2,300,1428.11,U
sh600519,贵州茅台,13:21:49,1428.11,400,1428.06,U
sh600519,贵州茅台,13:21:54,1428.06,500,1428.11,D
sh600519,贵州茅台,13:21:58,1428.06,200,1428.06,D
sh600519,贵州茅台,13:22:01,1428.05,400,1428.06,D
sh600519,贵州茅台,13:22:04,1428.05,400,1428.05,U
sh600519,贵州茅台,13:22:07,1428.3,2100,1428.05,U
sh600519,贵州茅台,13:22:10,1428.5,2700,1428.3,U
sh600519,贵州茅台,13:22:13,1428.58,1200,1428.5,U
sh600519,贵州茅台,13:22:16,1428.63,400,1428.58,U
sh600519,贵州茅台,13:22:19,1428.64,800,1428.63,D
sh600519,贵州茅台,13:22:22,1428.63,700,1428.64,D
sh600519,贵州茅台,13:22:28,1428.53,400,1428.64,D
sh600519,贵州茅台,13:22:31,1428.64,400,1428.53,U
sh600519,贵州茅台,13:22:40,1428.23,200,1428.63,D
sh600519,贵州茅台,13:22:49,1428.22,200,1428.5,E
sh600519,贵州茅台,13:22:52,1428.39,300,1428.22,E
sh600519,贵州茅台,13:22:58,1428.49,300,1428.39,U
sh600519,贵州茅台,13:23:01,1428.3,500,1428.49,E
sh600519,贵州茅台,13:23:04,1428.3,300,1428.3,U
sh600519,贵州茅台,13:23:07,1428.4,800,1428.3,U
sh600519,贵州茅台,13:23:10,1428.51,1200,1428.4,U
sh600519,贵州茅台,13:23:13,1428.55,300,1428.51,U
sh600519,贵州茅台,13:23:16,1428.3,200,1428.55,D
sh600519,贵州茅台,13:23:19,1428.52,500,1428.3,U
sh600519,贵州茅台,13:23:22,1428.52,200,1428.52,D
sh600519,贵州茅台,13:23:25,1428.51,300,1428.52,D
sh600519,贵州茅台,13:23:31,1428.05,705,1428.51,D
sh600519,贵州茅台,13:23:37,1428.45,300,1428.49,E
sh600519,贵州茅台,13:23:52,1428.19,200,1428.19,U
sh600519,贵州茅台,13:23:55,1428.17,200,1428.19,D
sh600519,贵州茅台,13:23:58,1428.2,400,1428.17,U
sh600519,贵州茅台,13:24:04,1428.17,500,1428.17,D
sh600519,贵州茅台,13:24:07,1428.13,400,1428.17,D
sh600519,贵州茅台,13:24:10,1428.3,700,1428.13,U
sh600519,贵州茅台,13:24:13,1428.3,500,1428.3,U
sh600519,贵州茅台,13:24:16,1428.38,200,1428.3,U
sh600519,贵州茅台,13:24:19,1428.38,500,1428.38,U
sh600519,贵州茅台,13:24:25,1428.4,500,1428.38,U
sh600519,贵州茅台,13:24:28,1428.39,700,1428.4,D
sh600519,贵州茅台,13:24:31,1428.36,400,1428.39,D
sh600519,贵州茅台,13:24:34,1428.36,400,1428.36,U
sh600519,贵州茅台,13:24:42,1428.35,300,1428.35,E
sh600519,贵州茅台,13:24:46,1428.36,200,1428.35,U
sh600519,贵州茅台,13:24:52,1428.24,700,1428.36,U
sh600519,贵州茅台,13:24:55,1428.18,200,1428.24,D
sh600519,贵州茅台,13:25:04,1428.05,1600,1428.17,D
sh600519,贵州茅台,13:25:07,1428.3,1000,1428.05,U
sh600519,贵州茅台,13:25:10,1428.33,500,1428.3,D
sh600519,贵州茅台,13:25:13,1428.34,200,1428.33,D
sh600519,贵州茅台,13:25:16,1428.34,300,1428.34,D
sh600519,贵州茅台,13:25:19,1428.34,400,1428.34,D
sh600519,贵州茅台,13:25:22,1428.34,600,1428.34,E
sh600519,贵州茅台,13:25:25,1428.1,300,1428.34,D
sh600519,贵州茅台,13:25:28,1428.1,200,1428.1,D
sh600519,贵州茅台,13:25:34,1428.34,300,1428.1,D
sh600519,贵州茅台,13:25:43,1428.18,200,1428.15,D
sh600519,贵州茅台,13:25:46,1428.11,800,1428.18,D
sh600519,贵州茅台,13:25:49,1428.14,200,1428.11,E
sh600519,贵州茅台,13:26:01,1428.18,500,1428.16,D
sh600519,贵州茅台,13:26:04,1428.16,300,1428.18,U
sh600519,贵州茅台,13:26:07,1428.2,600,1428.16,E
sh600519,贵州茅台,13:26:10,1428.18,300,1428.2,D
sh600519,贵州茅台,13:26:13,1428.27,200,1428.18,U
sh600519,贵州茅台,13:26:16,1428.27,200,1428.27,U
sh600519,贵州茅台,13:26:22,1428.16,300,1428.27,D
sh600519,贵州茅台,13:26:28,1428.23,200,1428.24,U
sh600519,贵州茅台,13:26:31,1428.15,400,1428.23,D
sh600519,贵州茅台,13:26:34,1428.2,300,1428.15,U
sh600519,贵州茅台,13:26:37,1428.16,200,1428.2,E
sh600519,贵州茅台,13:26:40,1428.23,800,1428.16,U
sh600519,贵州茅台,13:26:43,1428.24,200,1428.23,U
sh600519,贵州茅台,13:26:52,1428.05,200,1428.05,D
sh600519,贵州茅台,13:26:55,1428.06,300,1428.05,E
sh600519,贵州茅台,13:26:57,1428.05,500,1428.06,D
sh600519,贵州茅台,13:27:01,1428.17,1600,1428.05,U
sh600519,贵州茅台,13:27:07,1428.16,900,1428.17,D
sh600519,贵州茅台,13:27:10,1428.05,400,1428.16,D
sh600519,贵州茅台,13:27:13,1428.08,300,1428.05,U
sh600519,贵州茅台,13:27:18,1428.18,200,1428.16,U
sh600519,贵州茅台,13:27:28,1428.06,200,1428.05,E
sh600519,贵州茅台,13:27:34,1428.03,300,1428.06,D
sh600519,贵州茅台,13:27:36,1428.01,300,1428.03,U
sh600519,贵州茅台,13:27:40,1428.06,800,1428.01,U
sh600519,贵州茅台,13:27:43,1428.05,300,1428.06,E
sh600519,贵州茅台,13:27:46,1428.05,200,1428.05,E
sh600519,贵州茅台,13:27:52,1428.05,200,1428.05,U
sh600519,贵州茅台,13:27:55,1428.04,200,1428.05,D
sh600519,贵州茅台,13:28:01,1428.04,700,1428.04,D
sh600519,贵州茅台,13:28:04,1428.05,300,1428.04,U
sh600519,贵州茅台,13:28:16,1428.01,400,1428.0,E
sh600519,贵州茅台,13:28:19,1428.0,300,1428.01,D
sh600519,贵州茅台,13:28:22,1428.0,300,1428.0,D
sh600519,贵州茅台,13:28:28,1428.01,400,1428.0,E
sh600519,贵州茅台,13:28:31,1428.0,300,1428.01,D
sh600519,贵州茅台,13:28:34,1428.0,400,1428.0,D
sh600519,贵州茅台,13:28:40,1428.0,500,1428.0,U
sh600519,贵州茅台,13:28:46,1427.99,200,1428.0,D
sh600519,贵州茅台,13:29:01,1427.59,200,1427.5,D
sh600519,贵州茅台,13:29:07,1427.61,300,1427.59,E
sh600519,贵州茅台,13:29:09,1427.59,300,1427.61,D
sh600519,贵州茅台,13:29:16,1427.62,400,1427.8,E
sh600519,贵州茅台,13:29:19,1427.58,200,1427.62,D
sh600519,贵州茅台,13:29:31,1427.61,500,1427.58,U
sh600519,贵州茅台,13:29:37,1427.53,600,1427.61,D
sh600519,贵州茅台,13:29:40,1427.55,200,1427.53,U
sh600519,贵州茅台,13:29:58,1427.51,1500,1427.5,U
sh600519,贵州茅台,13:30:01,1427.51,300,1427.51,E
sh600519,贵州茅台,13:30:07,1427.5,200,1427.51,U
sh600519,贵州茅台,13:30:10,1427.5,300,1427.5,U
sh600519,贵州茅台,13:30:13,1427.51,400,1427.5,U
sh600519,贵州茅台,13:30:19,1427.5,261,1427.51,E
sh600519,贵州茅台,13:30:25,1427.53,400,1427.49,U
sh600519,贵州茅台,13:30:31,1427.55,200,1427.53,U
sh600519,贵州茅台,13:30:34,1427.55,700,1427.55,D
sh600519,贵州茅台,13:30:37,1427.49,500,1427.55,D
sh600519,贵州茅台,13:30:43,1427.5,200,1427.49,D
sh600519,贵州茅台,13:30:46,1427.53,400,1427.5,U
sh600519,贵州茅台,13:30:55,1427.47,400,1427.47,U
sh600519,贵州茅台,13:30:58,1427.16,200,1427.47,D
sh600519,贵州茅台,13:31:04,1427.15,200,1427.16,D
sh600519,贵州茅台,13:31:07,1426.95,300,1427.15,D
sh600519,贵州茅台,13:31:10,1426.48,300,1426.95,D
sh600519,贵州茅台,13:31:13,1426.48,600,1426.48,D
sh600519,贵州茅台,13:31:16,1426.98,600,1426.48,U
sh600519,贵州茅台,13:31:19,1426.46,500,1426.98,D
sh600519,贵州茅台,13:31:24,1426.46,400,1426.46,D
sh600519,贵州茅台,13:31:28,1426.46,200,1426.46,D
sh600519,贵州茅台,13:31:31,1426.46,200,1426.46,D
sh600519,贵州茅台,13:31:43,1426.46,400,1426.46,D
sh600519,贵州茅台,13:31:49,1426.5,300,1426.46,U
sh600519,贵州茅台,13:31:55,1426.5,200,1426.47,U
sh600519,贵州茅台,13:31:58,1426.46,500,1426.5,D
sh600519,贵州茅台,13:32:01,1426.54,200,1426.46,U
sh600519,贵州茅台,13:32:04,1426.51,400,1426.54,E
sh600519,贵州茅台,13:32:07,1426.51,300,1426.51,D
sh600519,贵州茅台,13:32:10,1426.52,200,1426.51,D
sh600519,贵州茅台,13:32:13,1426.52,300,1426.52,E
sh600519,贵州茅台,13:32:31,1426.55,300,1426.46,U
sh600519,贵州茅台,13:32:34,1426.46,300,1426.55,D
sh600519,贵州茅台,13:32:37,1426.79,200,1426.46,U
sh600519,贵州茅台,13:32:49,1426.5,200,1426.53,D
sh600519,贵州茅台,13:32:55,1426.79,200,1426.5,U
sh600519,贵州茅台,13:33:01,1426.98,200,1426.79,U
sh600519,贵州茅台,13:33:13,1426.76,300,1427.0,D
sh600519,贵州茅台,13:33:15,1426.5,400,1426.76,D
sh600519,贵州茅台,13:33:19,1426.5,800,1426.5,D
sh600519,贵州茅台,13:33:22,1426.53,700,1426.5,U
sh600519,贵州茅台,13:33:25,1426.53,200,1426.53,D
sh600519,贵州茅台,13:33:28,1426.73,400,1426.53,U
sh600519,贵州茅台,13:33:34,1426.46,200,1426.73,D
sh600519,贵州茅台,13:33:37,1426.53,400,1426.46,E
sh600519,贵州茅台,13:33:40,1426.46,300,1426.53,D
sh600519,贵州茅台,13:33:43,1426.46,200,1426.46,D
sh600519,贵州茅台,13:33:46,1426.21,400,1426.46,D
sh600519,贵州茅台,13:33:49,1426.49,800,1426.21,U
sh600519,贵州茅台,13:33:52,1426.0,200,1426.49,D
sh600519,贵州茅台,13:34:01,1426.0,200,1426.0,D
sh600519,贵州茅台,13:34:04,1426.45,500,1426.0,U
sh600519,贵州茅台,13:34:07,1426.0,200,1426.45,D
sh600519,贵州茅台,13:34:25,1425.89,300,1425.9,D
sh600519,贵州茅台,13:34:43,1425.8,200,1425.81,D
sh600519,贵州茅台,13:34:55,1425.89,500,1425.89,U
sh600519,贵州茅台,13:34:58,1425.8,300,1425.89,D
sh600519,贵州茅台,13:35:04,1426.0,200,1425.8,U
sh600519,贵州茅台,13:35:07,1425.82,900,1426.0,D
sh600519,贵州茅台,13:35:10,1426.0,1800,1425.82,U
sh600519,贵州茅台,13:35:13,1426.0,600,1426.0,D
sh600519,贵州茅台,13:35:31,1426.0,200,1426.0,D
sh600519,贵州茅台,13:35:40,1426.37,500,1426.35,U
sh600519,贵州茅台,13:35:43,1426.0,200,1426.37,D
sh600519,贵州茅台,13:35:46,1426.0,200,1426.0,D
sh600519,贵州茅台,13:35:49,1426.01,300,1426.0,E
sh600519,贵州茅台,13:36:04,1426.44,200,1426.44,D
sh600519,贵州茅台,13:36:12,1426.6,200,1426.36,U
sh600519,贵州茅台,13:36:40,1426.04,200,1426.6,D
sh600519,贵州茅台,13:36:46,1426.04,200,1426.04,D
sh600519,贵州茅台,13:36:49,1426.47,200,1426.04,U
sh600519,贵州茅台,13:36:55,1426.45,600,1426.47,U
sh600519,贵州茅台,13:37:40,1426.07,400,1426.08,U
sh600519,贵州茅台,13:37:43,1426.43,400,1426.07,U
sh600519,贵州茅台,13:37:49,1426.39,200,1426.43,E
sh600519,贵州茅台,13:37:52,1426.08,200,1426.39,D
sh600519,贵州茅台,13:37:58,1426.09,200,1426.08,E
sh600519,贵州茅台,13:38:01,1426.08,300,1426.09,D
sh600519,贵州茅台,13:38:07,1426.06,400,1426.08,D
sh600519,贵州茅台,13:38:16,1426.06,300,1426.08,D
sh600519,贵州茅台,13:38:19,1426.04,700,1426.06,D
sh600519,贵州茅台,13:38:22,1426.01,600,1426.04,D
sh600519,贵州茅台,13:38:28,1426.0,800,1426.01,D
sh600519,贵州茅台,13:38:31,1426.01,400,1426.0,E
sh600519,贵州茅台,13:38:36,1426.0,300,1426.01,D
sh600519,贵州茅台,13:38:40,1426.01,800,1426.0,U
sh600519,贵州茅台,13:38:43,1426.01,600,1426.01,U
sh600519,贵州茅台,13:38:58,1425.99,400,1426.01,D
sh600519,贵州茅台,13:39:07,1425.72,200,1425.99,D
sh600519,贵州茅台,13:39:16,1425.99,200,1425.99,U
sh600519,贵州茅台,13:39:28,1426.0,400,1425.99,U
sh600519,贵州茅台,13:39:34,1425.99,200,1426.0,D
sh600519,贵州茅台,13:39:43,1425.99,200,1425.93,D
sh600519,贵州茅台,13:39:55,1425.93,200,1425.99,D
sh600519,贵州茅台,13:40:04,1425.88,300,1425.88,D
sh600519,贵州茅台,13:40:07,1425.86,200,1425.88,D
sh600519,贵州茅台,13:40:13,1425.85,200,1425.86,D
sh600519,贵州茅台,13:40:49,1425.5,300,1425.5,D
sh600519,贵州茅台,13:40:58,1425.51,500,1425.44,U
sh600519,贵州茅台,13:41:07,1425.09,1700,1425.52,D
sh600519,贵州茅台,13:41:10,1425.09,700,1425.09,U
sh600519,贵州茅台,13:41:13,1425.5,5100,1425.09,U
sh600519,贵州茅台,13:41:16,1425.85,900,1425.5,U
sh600519,贵州茅台,13:41:19,1425.2,500,1425.85,D
sh600519,贵州茅台,13:41:22,1425.49,600,1425.2,D
sh600519,贵州茅台,13:41:25,1425.08,400,1425.49,D
sh600519,贵州茅台,13:41:28,1425.86,200,1425.08,U
sh600519,贵州茅台,13:41:52,1425.84,200,1425.17,U
sh600519,贵州茅台,13:42:04,1425.97,300,1425.84,U
sh600519,贵州茅台,13:42:07,1425.51,400,1425.97,D
sh600519,贵州茅台,13:42:28,1425.09,2200,1426.0,D
sh600519,贵州茅台,13:42:31,1426.03,300,1425.09,U
sh600519,贵州茅台,13:42:46,1426.0,700,1426.03,U
sh600519,贵州茅台,13:42:49,1425.19,300,1426.0,D
sh600519,贵州茅台,13:42:52,1426.0,300,1425.19,U
sh600519,贵州茅台,13:43:01,1425.22,400,1425.22,D
sh600519,贵州茅台,13:43:07,1425.99,300,1425.22,E
sh600519,贵州茅台,13:43:09,1425.99,200,1425.99,E
sh600519,贵州茅台,13:43:16,1425.99,500,1425.99,D
sh600519,贵州茅台,13:43:19,1425.99,600,1425.99,D
sh600519,贵州茅台,13:43:22,1425.99,500,1425.99,U
sh600519,贵州茅台,13:43:31,1425.99,200,1425.18,D
sh600519,贵州茅台,13:43:37,1425.07,300,1425.99,D
sh600519,贵州茅台,13:43:46,1425.98,500,1425.99,U
sh600519,贵州茅台,13:43:52,1425.1,200,1425.98,D
sh600519,贵州茅台,13:43:55,1425.1,200,1425.1,D
sh600519,贵州茅台,13:44:25,1425.98,200,1425.97,U
sh600519,贵州茅台,13:44:28,1425.11,500,1425.98,D
sh600519,贵州茅台,13:44:31,1425.11,300,1425.11,D
sh600519,贵州茅台,13:44:34,1425.2,300,1425.11,E
sh600519,贵州茅台,13:44:43,1425.98,300,1425.2,E
sh600519,贵州茅台,13:44:46,1425.99,300,1425.98,U
sh600519,贵州茅台,13:44:55,1426.0,200,1425.2,U
sh600519,贵州茅台,13:44:58,1425.21,200,1426.0,D
sh600519,贵州茅台,13:45:22,1425.98,700,1425.98,U
sh600519,贵州茅台,13:45:34,1425.21,300,1426.0,D
sh600519,贵州茅台,13:45:37,1425.2,300,1425.21,D
sh600519,贵州茅台,13:45:40,1426.0,2100,1425.2,U
sh600519,贵州茅台,13:45:43,1425.2,2300,1426.0,D
sh600519,贵州茅台,13:45:46,1426.0,700,1425.2,U
sh600519,贵州茅台,13:45:52,1425.2,1800,1425.99,D
sh600519,贵州茅台,13:45:55,1425.99,400,1425.2,U
sh600519,贵州茅台,13:45:58,1425.93,600,1425.99,D
sh600519,贵州茅台,13:46:01,1426.03,200,1425.93,E
sh600519,贵州茅台,13:46:04,1425.2,500,1426.03,E
sh600519,贵州茅台,13:46:07,1426.0,200,1425.2,U
sh600519,贵州茅台,13:46:10,1425.2,400,1426.0,E
sh600519,贵州茅台,13:46:19,1425.99,500,1425.11,U
sh600519,贵州茅台,13:47:01,1425.11,300,1425.2,D
sh600519,贵州茅台,13:47:04,1425.12,300,1425.11,E
sh600519,贵州茅台,13:47:10,1425.13,200,1425.12,E
sh600519,贵州茅台,13:47:13,1425.2,300,1425.13,U
sh600519,贵州茅台,13:47:15,1425.2,300,1425.2,U
sh600519,贵州茅台,13:47:19,1425.92,300,1425.2,U
sh600519,贵州茅台,13:47:43,1425.89,200,1425.89,U
sh600519,贵州茅台,13:47:46,1425.96,300,1425.89,U
sh600519,贵州茅台,13:47:49,1425.98,600,1425.96,U
sh600519,贵州茅台,13:48:13,1426.0,300,1425.93,U
sh600519,贵州茅台,13:48:46,1426.0,500,1426.05,D
sh600519,贵州茅台,13:48:58,1426.0,200,1425.94,U
sh600519,贵州茅台,13:49:01,1426.0,200,1426.0,U
sh600519,贵州茅台,13:49:22,1426.0,200,1425.99,U
sh600519,贵州茅台,13:49:34,1426.0,200,1426.0,E
sh600519,贵州茅台,13:49:37,1426.05,300,1426.0,U
sh600519,贵州茅台,13:49:43,1425.99,200,1426.05,D
sh600519,贵州茅台,13:49:46,1426.06,200,1425.99,U
sh600519,贵州茅台,13:49:55,1425.19,4500,1426.04,D
sh600519,贵州茅台,13:49:58,1426.05,1100,1425.19,U
sh600519,贵州茅台,13:50:01,1425.11,600,1426.05,D
sh600519,贵州茅台,13:50:04,1426.07,900,1425.11,U
sh600519,贵州茅台,13:50:07,1426.07,200,1426.07,D
sh600519,贵州茅台,13:50:10,1426.05,200,1426.07,U
sh600519,贵州茅台,13:50:19,1426.05,300,1426.05,D
sh600519,贵州茅台,13:50:22,1426.08,400,1426.05,U
sh600519,贵州茅台,13:50:25,1426.09,200,1426.08,U
sh600519,贵州茅台,13:50:33,1426.06,200,1426.06,U
sh600519,贵州茅台,13:50:40,1426.12,500,1426.09,U
sh600519,贵州茅台,13:50:43,1426.12,800,1426.12,D
sh600519,贵州茅台,13:51:07,1426.09,300,1426.12,D
sh600519,贵州茅台,13:51:10,1426.09,700,1426.09,D
sh600519,贵州茅台,13:51:25,1426.27,400,1426.27,D
sh600519,贵州茅台,13:51:28,1426.45,1200,1426.27,U
sh600519,贵州茅台,13:51:31,1426.42,300,1426.45,U
sh600519,贵州茅台,13:51:34,1426.36,200,1426.42,U
sh600519,贵州茅台,13:51:39,1426.09,300,1426.22,D
sh600519,贵州茅台,13:51:54,1426.0,200,1426.27,D
sh600519,贵州茅台,13:52:07,1425.93,600,1425.94,D
sh600519,贵州茅台,13:52:16,1426.06,200,1425.93,U
sh600519,贵州茅台,13:52:25,1425.93,200,1425.93,D
sh600519,贵州茅台,13:52:31,1425.93,200,1426.05,D
sh600519,贵州茅台,13:52:34,1426.06,200,1425.93,U
sh600519,贵州茅台,13:52:40,1426.07,400,1425.87,U
sh600519,贵州茅台,13:52:49,1426.06,300,1426.07,U
sh600519,贵州茅台,13:53:07,1425.9,200,1426.08,D
sh600519,贵州茅台,13:53:10,1426.08,200,1425.9,U
sh600519,贵州茅台,13:53:13,1426.09,400,1426.08,U
sh600519,贵州茅台,13:53:25,1426.18,200,1425.9,U
sh600519,贵州茅台,13:53:52,1425.99,300,1426.26,D
sh600519,贵州茅台,13:53:55,1426.27,200,1425.99,U
sh600519,贵州茅台,13:54:07,1425.99,200,1426.27,D
sh600519,贵州茅台,13:54:12,1425.99,200,1426.23,D
sh600519,贵州茅台,13:54:19,1425.99,900,1425.99,D
sh600519,贵州茅台,13:54:34,1426.21,200,1425.99,E
sh600519,贵州茅台,13:54:46,1426.21,600,1426.2,E
sh600519,贵州茅台,13:54:49,1426.26,900,1426.21,U
sh600519,贵州茅台,13:54:52,1426.27,200,1426.26,U
sh600519,贵州茅台,13:54:55,1425.98,300,1426.27,D
sh600519,贵州茅台,13:55:13,1426.26,200,1426.07,U
sh600519,贵州茅台,13:55:15,1426.27,1400,1426.26,U
sh600519,贵州茅台,13:55:19,1426.27,300,1426.27,U
sh600519,贵州茅台,13:55:22,1425.9,1000,1426.27,D
sh600519,贵州茅台,13:55:25,1426.27,500,1425.9,U
sh600519,贵州茅台,13:55:28,1425.9,1100,1426.27,E
sh600519,贵州茅台,13:55:34,1426.3,1700,1426.29,U
sh600519,贵州茅台,13:55:37,1426.36,800,1426.3,U
sh600519,贵州茅台,13:55:40,1426.37,300,1426.36,U
sh600519,贵州茅台,13:55:43,1426.4,500,1426.37,U
sh600519,贵州茅台,13:55:46,1426.45,900,1426.4,U
sh600519,贵州茅台,13:55:49,1426.5,400,1426.45,U
sh600519,贵州茅台,13:55:52,1426.37,200,1426.5,D
sh600519,贵州茅台,13:55:55,1426.65,200,1426.37,E
sh600519,贵州茅台,13:56:07,1426.7,500,1426.66,U
sh600519,贵州茅台,13:56:10,1426.83,1700,1426.7,U
sh600519,贵州茅台,13:56:13,1427.14,1900,1426.83,U
sh600519,贵州茅台,13:56:16,1427.44,600,1427.14,U
sh600519,贵州茅台,13:56:19,1427.47,400,1427.44,U
sh600519,贵州茅台,13:56:25,1427.3,200,1427.47,D
sh600519,贵州茅台,13:56:31,1427.47,300,1427.3,U
sh600519,贵州茅台,13:56:34,1427.31,300,1427.47,E
sh600519,贵州茅台,13:56:43,1427.4,400,1427.46,U
sh600519,贵州茅台,13:56:49,1426.94,400,1427.4,D
sh600519,贵州茅台,13:57:01,1427.02,200,1426.69,U
sh600519,贵州茅台,13:57:03,1427.02,200,1427.02,U
sh600519,贵州茅台,13:57:06,1426.69,300,1427.02,D
sh600519,贵州茅台,13:57:43,1426.5,500,1426.5,U
sh600519,贵州茅台,13:57:46,1426.69,900,1426.5,U
sh600519,贵州茅台,13:57:49,1427.0,1100,1426.69,U
sh600519,贵州茅台,13:57:52,1427.03,300,1427.0,D
sh600519,贵州茅台,13:57:55,1426.71,300,1427.03,D
sh600519,贵州茅台,13:58:04,1426.97,500,1426.71,D
sh600519,贵州茅台,13:58:07,1427.0,600,1426.97,U
sh600519,贵州茅台,13:58:10,1427.48,600,1427.0,U
sh600519,贵州茅台,13:58:13,1427.0,2300,1427.48,D
sh600519,贵州茅台,13:58:16,1427.43,200,1427.0,U
sh600519,贵州茅台,13:58:19,1427.44,500,1427.43,U
sh600519,贵州茅台,13:58:22,1427.31,300,1427.44,E
sh600519,贵州茅台,13:58:25,1427.38,200,1427.31,U
sh600519,贵州茅台,13:58:27,1427.38,200,1427.38,U
sh600519,贵州茅台,13:58:55,1427.0,300,1426.7,U
sh600519,贵州茅台,13:59:07,1426.63,200,1426.99,D
sh600519,贵州茅台,13:59:10,1426.62,200,1426.63,D
sh600519,贵州茅台,13:59:16,1426.57,300,1426.62,D
sh600519,贵州茅台,13:59:19,1426.77,400,1426.57,U
sh600519,贵州茅台,13:59:22,1426.51,200,1426.77,D
sh600519,贵州茅台,13:59:25,1426.49,400,1426.51,D
sh600519,贵州茅台,13:59:31,1426.44,300,1426.48,E
sh600519,贵州茅台,13:59:34,1426.1,200,1426.44,E
sh600519,贵州茅台,13:59:43,1426.14,200,1426.44,D
sh600519,贵州茅台,13:59:58,1426.44,600,1426.44,U
sh600519,贵州茅台,14:00:01,1426.42,300,1426.44,U
sh600519,贵州茅台,14:00:07,1426.11,200,1426.42,D
sh600519,贵州茅台,14:00:25,1426.13,500,1426.11,D
sh600519,贵州茅台,14:00:36,1426.46,1100,1426.13,U
sh600519,贵州茅台,14:00:40,1426.52,800,1426.46,U
sh600519,贵州茅台,14:00:43,1426.99,600,1426.52,U
sh600519,贵州茅台,14:00:55,1426.63,200,1426.63,D
sh600519,贵州茅台,14:00:57,1427.14,400,1426.63,U
sh600519,贵州茅台,14:01:07,1426.63,200,1426.63,D
sh600519,贵州茅台,14:01:13,1426.63,200,1426.63,U
sh600519,贵州茅台,14:01:19,1426.62,200,1426.62,E
sh600519,贵州茅台,14:01:43,1426.63,200,1426.63,U
sh600519,贵州茅台,14:01:46,1426.61,300,1426.63,D
sh600519,贵州茅台,14:01:58,1427.21,200,1427.21,D
sh600519,贵州茅台,14:02:07,1427.31,400,1427.21,U
sh600519,贵州茅台,14:02:13,1427.36,200,1427.31,U
sh600519,贵州茅台,14:02:16,1427.31,300,1427.36,D
sh600519,贵州茅台,14:02:22,1427.38,400,1427.36,U
sh600519,贵州茅台,14:02:25,1427.37,500,1427.38,D
sh600519,贵州茅台,14:02:28,1427.37,500,1427.37,D
sh600519,贵州茅台,14:02:31,1427.31,400,1427.37,D
sh600519,贵州茅台,14:02:34,1427.38,700,1427.31,U
sh600519,贵州茅台,14:02:37,1427.24,200,1427.38,D
sh600519,贵州茅台,14:02:40,1427.43,600,1427.24,U
sh600519,贵州茅台,14:02:43,1427.46,200,1427.43,U
sh600519,贵州茅台,14:02:49,1427.4,200,1427.46,D
sh600519,贵州茅台,14:02:52,1427.5,900,1427.4,U
sh600519,贵州茅台,14:02:55,1427.56,500,1427.5,U
sh600519,贵州茅台,14:02:58,1427.41,700,1427.56,D
sh600519,贵州茅台,14:03:07,1427.4,200,1427.41,D
sh600519,贵州茅台,14:03:10,1427.4,200,1427.4,D
sh600519,贵州茅台,14:03:13,1427.4,200,1427.4,D
sh600519,贵州茅台,14:03:16,1427.52,300,1427.4,U
sh600519,贵州茅台,14:03:37,1427.5,300,1427.37,U
sh600519,贵州茅台,14:03:39,1427.37,200,1427.5,D
sh600519,贵州茅台,14:03:58,1427.52,600,1427.36,U
sh600519,贵州茅台,14:04:01,1427.5,200,1427.52,D
sh600519,贵州茅台,14:04:04,1427.53,200,1427.5,U
sh600519,贵州茅台,14:04:07,1427.56,700,1427.53,U
sh600519,贵州茅台,14:04:09,1427.56,500,1427.56,U
sh600519,贵州茅台,14:04:13,1427.58,600,1427.56,U
sh600519,贵州茅台,14:04:16,1427.56,400,1427.58,D
sh600519,贵州茅台,14:04:19,1427.58,300,1427.56,E
sh600519,贵州茅台,14:04:22,1427.6,200,1427.58,U
sh600519,贵州茅台,14:04:46,1427.54,200,1427.66,D
sh600519,贵州茅台,14:04:49,1427.54,200,1427.54,D
sh600519,贵州茅台,14:04:52,1427.56,600,1427.54,E
sh600519,贵州茅台,14:04:55,1427.66,200,1427.56,U
sh600519,贵州茅台,14:04:58,1427.53,200,1427.66,D
sh600519,贵州茅台,14:05:01,1427.6,200,1427.53,U
sh600519,贵州茅台,14:05:07,1427.57,200,1427.64,D
sh600519,贵州茅台,14:05:16,1427.53,600,1427.57,D
sh600519,贵州茅台,14:05:19,1427.31,900,1427.53,D
sh600519,贵州茅台,14:05:24,1427.31,200,1427.31,D
sh600519,贵州茅台,14:05:31,1427.21,300,1427.22,D
sh600519,贵州茅台,14:05:34,1427.2,500,1427.21,D
sh600519,贵州茅台,14:05:40,1427.0,300,1427.2,D
sh600519,贵州茅台,14:05:49,1427.0,200,1427.31,D
sh600519,贵州茅台,14:06:04,1427.0,200,1427.0,D
sh600519,贵州茅台,14:06:06,1427.0,500,1427.0,D
sh600519,贵州茅台,14:06:13,1427.0,200,1427.2,D
sh600519,贵州茅台,14:06:16,1427.2,400,1427.0,U
sh600519,贵州茅台,14:06:19,1427.0,400,1427.2,D
sh600519,贵州茅台,14:06:28,1427.0,200,1427.2,D
sh600519,贵州茅台,14:06:31,1426.99,400,1427.0,D
sh600519,贵州茅台,14:06:33,1427.0,500,1426.99,U
sh600519,贵州茅台,14:06:37,1426.98,200,1427.0,E
sh600519,贵州茅台,14:06:40,1426.89,200,1426.98,D
sh600519,贵州茅台,14:06:52,1426.84,800,1426.89,D
sh600519,贵州茅台,14:06:55,1426.72,200,1426.84,D
sh600519,贵州茅台,14:07:04,1426.72,200,1426.84,D
sh600519,贵州茅台,14:07:13,1426.31,200,1426.71,E
sh600519,贵州茅台,14:07:16,1426.26,300,1426.31,D
sh600519,贵州茅台,14:07:19,1426.12,700,1426.26,D
sh600519,贵州茅台,14:07:22,1426.0,1000,1426.12,D
sh600519,贵州茅台,14:07:25,1426.12,200,1426.0,U
sh600519,贵州茅台,14:07:34,1426.12,800,1426.12,U
sh600519,贵州茅台,14:07:37,1426.0,300,1426.12,D
sh600519,贵州茅台,14:07:52,1426.12,300,1426.0,U
sh600519,贵州茅台,14:07:55,1426.11,400,1426.12,E
sh600519,贵州茅台,14:07:58,1426.13,600,1426.11,U
sh600519,贵州茅台,14:08:01,1426.15,600,1426.13,D
sh600519,贵州茅台,14:08:04,1426.15,200,1426.15,D
sh600519,贵州茅台,14:08:07,1426.1,1700,1426.15,E
sh600519,贵州茅台,14:08:10,1426.13,400,1426.1,U
sh600519,贵州茅台,14:08:13,1426.09,200,1426.13,D
sh600519,贵州茅台,14:08:28,1426.0,800,1426.14,D
sh600519,贵州茅台,14:08:40,1426.66,200,1426.0,U
sh600519,贵州茅台,14:09:07,1426.2,200,1426.55,D
sh600519,贵州茅台,14:09:10,1426.55,200,1426.2,U
sh600519,贵州茅台,14:09:31,1426.54,200,1426.21,U
sh600519,贵州茅台,14:09:37,1426.21,300,1426.54,D
sh600519,贵州茅台,14:09:52,1426.2,200,1426.21,D
sh600519,贵州茅台,14:09:55,1426.19,300,1426.2,D
sh600519,贵州茅台,14:10:04,1426.21,200,1426.18,U
sh600519,贵州茅台,14:10:07,1426.2,600,1426.21,D
sh600519,贵州茅台,14:10:10,1426.2,300,1426.2,E
sh600519,贵州茅台,14:10:13,1426.21,200,1426.2,U
sh600519,贵州茅台,14:10:34,1426.18,400,1426.17,U
sh600519,贵州茅台,14:10:37,1426.12,500,1426.18,E
sh600519,贵州茅台,14:10:46,1426.02,300,1426.12,D
sh600519,贵州茅台,14:11:07,1426.53,400,1426.53,D
sh600519,贵州茅台,14:11:19,1426.03,900,1426.43,D
sh600519,贵州茅台,14:11:22,1426.03,200,1426.03,D
sh600519,贵州茅台,14:11:31,1426.03,207,1426.03,D
sh600519,贵州茅台,14:11:34,1426.0,2800,1426.03,D
sh600519,贵州茅台,14:11:37,1426.0,600,1426.0,D
sh600519,贵州茅台,14:11:40,1426.21,300,1426.0,E
sh600519,贵州茅台,14:11:43,1426.05,500,1426.21,U
sh600519,贵州茅台,14:11:46,1426.0,800,1426.05,D
sh600519,贵州茅台,14:11:49,1426.0,400,1426.0,D
sh600519,贵州茅台,14:11:55,1426.0,3693,1426.26,D
sh600519,贵州茅台,14:11:58,1426.03,2307,1426.0,U
sh600519,贵州茅台,14:12:01,1426.25,200,1426.03,U
sh600519,贵州茅台,14:12:04,1426.2,300,1426.25,D
sh600519,贵州茅台,14:12:07,1426.23,500,1426.2,U
sh600519,贵州茅台,14:12:10,1426.2,400,1426.23,D
sh600519,贵州茅台,14:12:13,1426.0,300,1426.2,D
sh600519,贵州茅台,14:12:16,1426.3,400,1426.0,U
sh600519,贵州茅台,14:12:22,1426.23,200,1426.24,E
sh600519,贵州茅台,14:12:25,1426.39,200,1426.23,U
sh600519,贵州茅台,14:12:31,1426.4,300,1426.39,U
sh600519,贵州茅台,14:12:49,1426.4,900,1426.39,U
sh600519,贵州茅台,14:12:52,1426.42,500,1426.4,U
sh600519,贵州茅台,14:12:55,1426.4,600,1426.42,D
sh600519,贵州茅台,14:12:58,1426.6,7000,1426.4,U
sh600519,贵州茅台,14:13:01,1426.7,400,1426.6,U
sh600519,贵州茅台,14:13:07,1426.95,400,1426.75,U
sh600519,贵州茅台,14:13:16,1426.78,400,1426.78,D
sh600519,贵州茅台,14:13:22,1426.92,700,1426.55,U
sh600519,贵州茅台,14:13:25,1426.97,400,1426.92,U
sh600519,贵州茅台,14:13:28,1426.88,700,1426.97,D
sh600519,贵州茅台,14:13:37,1426.55,300,1426.88,D
sh600519,贵州茅台,14:14:01,1426.94,200,1426.9,U
sh600519,贵州茅台,14:14:04,1426.43,400,1426.94,D
sh600519,贵州茅台,14:14:07,1426.43,1100,1426.43,D
sh600519,贵州茅台,14:14:09,1426.99,400,1426.43,U
sh600519,贵州茅台,14:14:43,1426.5,900,1426.99,D
sh600519,贵州茅台,14:14:45,1427.0,600,1426.5,U
sh600519,贵州茅台,14:14:58,1427.0,1000,1427.0,U
sh600519,贵州茅台,14:15:10,1427.0,700,1426.51,U
sh600519,贵州茅台,14:15:31,1427.0,200,1426.95,U
sh600519,贵州茅台,14:15:34,1426.54,300,1427.0,D
sh600519,贵州茅台,14:15:58,1427.0,3100,1426.56,U
sh600519,贵州茅台,14:16:01,1427.12,200,1427.0,U
sh600519,贵州茅台,14:16:04,1427.19,1300,1427.12,U
sh600519,贵州茅台,14:16:07,1427.2,1900,1427.19,U
sh600519,贵州茅台,14:16:10,1427.23,400,1427.2,D
sh600519,贵州茅台,14:16:13,1427.23,300,1427.23,D
sh600519,贵州茅台,14:16:16,1427.0,800,1427.23,D
sh600519,贵州茅台,14:16:19,1427.0,200,1427.0,D
sh600519,贵州茅台,14:16:22,1427.19,700,1427.0,U
sh600519,贵州茅台,14:16:25,1427.2,300,1427.19,U
sh600519,贵州茅台,14:16:28,1427.2,500,1427.2,D
sh600519,贵州茅台,14:16:31,1427.28,600,1427.2,U
sh600519,贵州茅台,14:16:34,1427.27,600,1427.28,D
sh600519,贵州茅台,14:16:40,1427.3,300,1427.27,U
sh600519,贵州茅台,14:16:43,1427.36,600,1427.3,U
sh600519,贵州茅台,14:16:54,1427.41,600,1427.35,U
sh600519,贵州茅台,14:16:58,1427.38,200,1427.41,E
sh600519,贵州茅台,14:17:04,1427.0,400,1427.38,D
sh600519,贵州茅台,14:17:07,1427.0,200,1427.0,D
sh600519,贵州茅台,14:17:13,1426.56,300,1427.38,D
sh600519,贵州茅台,14:17:19,1427.33,200,1426.51,U
sh600519,贵州茅台,14:17:31,1427.0,400,1427.32,D
sh600519,贵州茅台,14:17:37,1427.26,200,1427.0,E
sh600519,贵州茅台,14:17:40,1427.31,300,1427.26,U
sh600519,贵州茅台,14:18:22,1427.3,200,1427.2,U
sh600519,贵州茅台,14:18:34,1427.2,300,1427.2,D
sh600519,贵州茅台,14:18:37,1427.2,300,1427.2,D
sh600519,贵州茅台,14:18:40,1427.3,400,1427.2,U
sh600519,贵州茅台,14:18:43,1427.29,400,1427.3,D
sh600519,贵州茅台,14:18:46,1427.29,200,1427.29,D
sh600519,贵州茅台,14:18:52,1427.01,200,1427.01,D
sh600519,贵州茅台,14:18:55,1427.29,500,1427.01,U
sh600519,贵州茅台,14:19:01,1427.02,200,1427.24,D
sh600519,贵州茅台,14:19:06,1427.0,200,1427.02,D
sh600519,贵州茅台,14:19:13,1427.02,500,1427.0,U
sh600519,贵州茅台,14:19:22,1427.0,200,1427.11,D
sh600519,贵州茅台,14:19:25,1427.12,600,1427.0,U
sh600519,贵州茅台,14:19:34,1426.67,200,1427.0,D
sh600519,贵州茅台,14:19:42,1426.52,500,1427.0,D
sh600519,贵州茅台,14:19:46,1427.1,200,1426.52,U
sh600519,贵州茅台,14:19:55,1427.1,300,1427.1,U
sh600519,贵州茅台,14:20:01,1427.12,500,1427.1,U
sh600519,贵州茅台,14:20:04,1427.29,1600,1427.12,U
sh600519,贵州茅台,14:20:07,1427.32,1800,1427.29,U
sh600519,贵州茅台,14:20:10,1427.36,200,1427.32,U
sh600519,贵州茅台,14:20:13,1427.07,200,1427.36,D
sh600519,贵州茅台,14:20:19,1427.11,700,1427.11,D
sh600519,贵州茅台,14:20:22,1427.4,1300,1427.11,U
sh600519,贵州茅台,14:20:25,1427.13,400,1427.4,E
sh600519,贵州茅台,14:20:28,1427.5,4100,1427.13,U
sh600519,贵州茅台,14:20:31,1427.12,400,1427.5,E
sh600519,贵州茅台,14:20:34,1427.38,200,1427.12,D
sh600519,贵州茅台,14:20:40,1427.5,300,1427.38,U
sh600519,贵州茅台,14:21:01,1427.4,1400,1427.38,U
sh600519,贵州茅台,14:21:04,1427.49,400,1427.4,U
sh600519,贵州茅台,14:21:07,1427.49,1000,1427.49,D
sh600519,贵州茅台,14:21:10,1427.02,1000,1427.49,D
sh600519,贵州茅台,14:21:13,1427.0,500,1427.02,D
sh600519,贵州茅台,14:21:16,1427.26,200,1427.0,U
sh600519,贵州茅台,14:21:22,1427.23,300,1426.73,U
sh600519,贵州茅台,14:21:25,1427.24,400,1427.23,U
sh600519,贵州茅台,14:21:28,1427.24,500,1427.24,D
sh600519,贵州茅台,14:21:31,1427.24,300,1427.24,D
sh600519,贵州茅台,14:21:34,1427.24,300,1427.24,D
sh600519,贵州茅台,14:21:37,1426.81,1200,1427.24,U
sh600519,贵州茅台,14:21:40,1426.81,200,1426.81,D
sh600519,贵州茅台,14:22:04,1427.22,800,1427.23,E
sh600519,贵州茅台,14:22:07,1426.91,200,1427.22,D
sh600519,贵州茅台,14:22:10,1426.94,400,1426.91,U
sh600519,贵州茅台,14:22:13,1427.23,200,1426.94,U
sh600519,贵州茅台,14:22:22,1427.2,200,1427.23,U
sh600519,贵州茅台,14:22:25,1427.06,300,1427.2,D
sh600519,贵州茅台,14:22:37,1427.03,1000,1427.23,D
sh600519,贵州茅台,14:22:40,1427.23,200,1427.03,U
sh600519,贵州茅台,14:22:46,1427.23,200,1427.23,U
sh600519,贵州茅台,14:23:04,1427.17,200,1427.23,D
sh600519,贵州茅台,14:23:07,1427.18,700,1427.17,E
sh600519,贵州茅台,14:23:13,1427.08,200,1427.18,U
sh600519,贵州茅台,14:23:19,1427.05,200,1427.08,D
sh600519,贵州茅台,14:23:22,1427.23,800,1427.05,U
sh600519,贵州茅台,14:23:25,1427.08,600,1427.23,D
sh600519,贵州茅台,14:23:28,1427.08,300,1427.08,U
sh600519,贵州茅台,14:23:58,1427.21,600,1427.18,E
sh600519,贵州茅台,14:24:01,1427.21,300,1427.21,U
sh600519,贵州茅台,14:24:04,1427.58,5900,1427.21,U
sh600519,贵州茅台,14:24:07,1427.66,1300,1427.58,U
sh600519,贵州茅台,14:24:10,1427.71,750,1427.66,U
sh600519,贵州茅台,14:24:13,1427.81,400,1427.71,U
sh600519,贵州茅台,14:24:16,1427.84,300,1427.81,U
sh600519,贵州茅台,14:24:22,1427.81,500,1427.84,D
sh600519,贵州茅台,14:24:25,1427.82,700,1427.81,U
sh600519,贵州茅台,14:24:34,1427.71,200,1427.88,D
sh600519,贵州茅台,14:24:37,1428.0,10000,1427.71,U
sh600519,贵州茅台,14:24:40,1427.88,1200,1428.0,D
sh600519,贵州茅台,14:24:43,1427.88,800,1427.88,U
sh600519,贵州茅台,14:24:46,1427.99,200,1427.88,U
sh600519,贵州茅台,14:24:52,1428.0,900,1427.99,U
sh600519,贵州茅台,14:24:55,1428.0,500,1428.0,D
sh600519,贵州茅台,14:24:58,1428.0,200,1428.0,E
sh600519,贵州茅台,14:25:01,1427.98,400,1428.0,D
sh600519,贵州茅台,14:25:04,1427.88,900,1427.98,D
sh600519,贵州茅台,14:25:07,1427.88,400,1427.88,D
sh600519,贵州茅台,14:25:10,1427.99,300,1427.88,U
sh600519,贵州茅台,14:25:13,1427.88,500,1427.99,D
sh600519,贵州茅台,14:25:19,1427.96,200,1427.98,U
sh600519,贵州茅台,14:25:37,1427.99,400,1427.88,U
sh600519,贵州茅台,14:25:40,1428.0,600,1427.99,U
sh600519,贵州茅台,14:25:43,1428.0,400,1428.0,U
sh600519,贵州茅台,14:25:46,1427.87,200,1428.0,D
sh600519,贵州茅台,14:25:52,1427.87,400,1427.57,U
sh600519,贵州茅台,14:25:55,1427.87,1500,1427.87,U
sh600519,贵州茅台,14:25:58,1427.88,1500,1427.87,U
sh600519,贵州茅台,14:26:01,1427.88,200,1427.88,U
sh600519,贵州茅台,14:26:04,1427.88,200,1427.88,U
sh600519,贵州茅台,14:26:07,1428.0,1200,1427.88,U
sh600519,贵州茅台,14:26:10,1428.0,500,1428.0,U
sh600519,贵州茅台,14:26:13,1428.09,500,1428.0,U
sh600519,贵州茅台,14:26:16,1428.1,1100,1428.09,U
sh600519,贵州茅台,14:26:19,1428.1,200,1428.1,U
sh600519,贵州茅台,14:26:25,1428.35,2500,1428.03,U
sh600519,贵州茅台,14:26:28,1428.38,1200,1428.35,U
sh600519,贵州茅台,14:26:31,1428.43,200,1428.38,U
sh600519,贵州茅台,14:26:34,1428.45,200,1428.43,U
sh600519,贵州茅台,14:26:37,1428.45,200,1428.45,U
sh600519,贵州茅台,14:26:40,1428.47,800,1428.45,U
sh600519,贵州茅台,14:26:43,1428.4,1200,1428.47,D
sh600519,贵州茅台,14:26:46,1428.48,300,1428.4,E
sh600519,贵州茅台,14:26:49,1428.4,300,1428.48,D
sh600519,贵州茅台,14:26:52,1428.4,400,1428.4,U
sh600519,贵州茅台,14:26:55,1428.26,800,1428.4,D
sh600519,贵州茅台,14:26:58,1428.4,200,1428.26,U
sh600519,贵州茅台,14:27:01,1428.3,1100,1428.4,U
sh600519,贵州茅台,14:27:04,1428.2,5300,1428.3,E
sh600519,贵州茅台,14:27:07,1428.2,800,1428.2,D
sh600519,贵州茅台,14:27:10,1428.3,500,1428.2,D
sh600519,贵州茅台,14:27:13,1428.3,600,1428.3,D
sh600519,贵州茅台,14:27:16,1428.3,200,1428.3,E
sh600519,贵州茅台,14:27:22,1428.3,300,1428.3,U
sh600519,贵州茅台,14:27:25,1428.18,500,1428.3,D
sh600519,贵州茅台,14:27:30,1428.09,300,1428.18,D
sh600519,贵州茅台,14:27:34,1428.3,200,1428.09,U
sh600519,贵州茅台,14:27:37,1428.16,300,1428.3,E
sh600519,贵州茅台,14:27:40,1428.12,1400,1428.16,E
sh600519,贵州茅台,14:27:43,1428.09,700,1428.12,D
sh600519,贵州茅台,14:27:46,1428.18,200,1428.09,E
sh600519,贵州茅台,14:27:49,1428.03,700,1428.18,D
sh600519,贵州茅台,14:27:58,1428.0,900,1428.04,D
sh600519,贵州茅台,14:28:01,1428.0,400,1428.0,D
sh600519,贵州茅台,14:28:04,1428.0,1100,1428.0,D
sh600519,贵州茅台,14:28:07,1427.99,600,1428.0,D
sh600519,贵州茅台,14:28:10,1428.03,700,1427.99,U
sh600519,贵州茅台,14:28:13,1427.98,600,1428.03,D
sh600519,贵州茅台,14:28:16,1428.0,500,1427.98,U
sh600519,贵州茅台,14:28:19,1428.0,200,1428.0,D
sh600519,贵州茅台,14:28:22,1428.0,400,1428.0,D
sh600519,贵州茅台,14:28:25,1427.98,200,1428.0,D
sh600519,贵州茅台,14:28:28,1427.98,200,1427.98,U
sh600519,贵州茅台,14:28:31,1427.97,200,1427.98,D
sh600519,贵州茅台,14:28:46,1427.98,300,1427.97,U
sh600519,贵州茅台,14:28:58,1427.94,200,1427.98,D
sh600519,贵州茅台,14:29:01,1427.94,400,1427.94,D
sh600519,贵州茅台,14:29:04,1427.94,200,1427.94,D
sh600519,贵州茅台,14:29:07,1427.93,200,1427.94,D
sh600519,贵州茅台,14:29:10,1427.95,300,1427.93,U
sh600519,贵州茅台,14:29:16,1427.95,600,1427.93,U
sh600519,贵州茅台,14:29:22,1427.94,200,1427.95,D
sh600519,贵州茅台,14:29:25,1427.95,500,1427.94,E
sh600519,贵州茅台,14:29:28,1427.95,400,1427.95,U
sh600519,贵州茅台,14:29:31,1427.96,1900,1427.95,U
sh600519,贵州茅台,14:29:37,1427.99,800,1428.0,E
sh600519,贵州茅台,14:29:40,1428.0,200,1427.99,U
sh600519,贵州茅台,14:29:49,1427.99,500,1428.0,D
sh600519,贵州茅台,14:29:52,1427.99,300,1427.99,D
sh600519,贵州茅台,14:29:58,1428.0,200,1427.99,U
sh600519,贵州茅台,14:30:01,1427.99,1400,1428.0,D
sh600519,贵州茅台,14:30:04,1427.99,500,1427.99,D
sh600519,贵州茅台,14:30:07,1427.99,300,1427.99,D
sh600519,贵州茅台,14:30:10,1428.0,300,1427.99,U
sh600519,贵州茅台,14:30:13,1428.0,900,1428.0,U
sh600519,贵州茅台,14:30:16,1428.0,300,1428.0,U
sh600519,贵州茅台,14:30:22,1428.0,200,1427.99,U
sh600519,贵州茅台,14:30:25,1428.0,1400,1428.0,U
sh600519,贵州茅台,14:30:31,1428.0,900,1428.0,U
sh600519,贵州茅台,14:30:34,1428.04,2400,1428.0,U
sh600519,贵州茅台,14:30:37,1428.0,400,1428.04,D
sh600519,贵州茅台,14:30:40,1428.12,400,1428.0,U
sh600519,贵州茅台,14:30:43,1428.01,200,1428.12,D
sh600519,贵州茅台,14:30:49,1428.23,300,1428.01,U
sh600519,贵州茅台,14:30:52,1428.2,200,1428.23,E
sh600519,贵州茅台,14:31:04,1428.27,1100,1428.22,U
sh600519,贵州茅台,14:31:07,1428.01,800,1428.27,D
sh600519,贵州茅台,14:31:10,1428.02,600,1428.01,U
sh600519,贵州茅台,14:31:19,1428.0,200,1428.06,D
sh600519,贵州茅台,14:31:25,1428.2,200,1428.0,U
sh600519,贵州茅台,14:31:34,1428.0,200,1428.2,D
sh600519,贵州茅台,14:31:37,1428.22,1400,1428.0,U
sh600519,贵州茅台,14:31:40,1428.2,300,1428.22,E
